3209 4984
217 831 274 870 xu.
286 822 372 889 sar-J
568 822 706 872 uorem
729 821 929 872 arrsrvmr„
1160 832 1166 843 ·
1226 817 1276 872 207

218 1004 338 1067 meque
354 991 387 1048 et
403 993 446 1048 te.
472 960 475 970 Α
494 983 582 1049 Nam
600 1005 685 1069 quae
701 984 836 1049 deserta
850 993 884 1048 et
901 984 1070 1066 inhospita
1086 992 1205 1067 tesqua

219 1087 335 1165 credis,
352 1107 493 1151 amoena
507 1096 604 1174 vocat
621 1108 751 1152 mecum
768 1088 825 1171 qui
842 1087 955 1164 sentit,
973 1096 1007 1151 et
1023 1087 1094 1151 odit
1246 1114 1276 1148 ω

219 1211 303 1276 quae
318 1200 356 1256 tu
372 1191 511 1276 pulchra
526 1200 633 1276 putas.
682 1193 710 1256 F
712 1192 808 1257 omix
823 1192 885 1257 tibi
902 1201 935 1256 et
952 1200 1053 1257 uncta
1066 1189 1191 1276 popina

219 1290 386 1361 incutiunt
401 1297 495 1362 urbis
511 1297 723 1374 desiderium,
740 1297 848 1374 video,
866 1306 899 1361 et
914 1296 1004 1380 quod

200 1449 203 1453 >
218 1401 360 1483 angulus
376 1401 441 1465 iste
456 1401 542 1465 ieret
559 1401 654 1484 piper
670 1410 704 1466 et
720 1411 776 1466 tus
792 1401 886 1466 ocius
903 1420 975 1476 uva,

219 1523 281 1567 nec
297 1503 406 1567 vicina
421 1504 538 1568 subest
553 1503 667 1567 vinum
684 1505 849 1586 praebere,
862 1503 1000 1567 taberna

218 1625 303 1688 quae
319 1605 424 1688 possit
441 1606 512 1682 tibi,
531 1627 594 1671 nec
610 1606 767 1671 meretrix
784 1605 931 1681 tibicina,
950 1605 1044 1670 cuius
1246 1632 1276 1681 ας
1365 1651 1373 1663 .

218 1709 259 1770 ad
275 1709 451 1790 strepitum
468 1709 567 1771 salias
583 1718 691 1773 terrae
707 1708 825 1793 gravis.
875 1710 919 1772 Et
936 1717 1046 1772 tamen
1065 1728 1187 1791 urgues

220 1810 412 1892 iampridem
429 1831 496 1873 non
513 1818 603 1875 tacta
618 1810 787 1894 ligonibus
802 1831 890 1886 arva,
907 1812 1093 1894 bovemque

219 1912 422 1977 disiunctum
439 1933 536 1977 curas
552 1922 586 1977 et
602 1913 729 1978 strictis
745 1912 921 1978 frondibus
937 1915 1059 1997 exples.

219 2017 326 2081 Addit
342 2038 426 2100 opus
443 2017 538 2101 pigro
554 2017 653 2095 rivus,
671 2017 700 2082 si
715 2018 839 2082 decidit
857 2017 973 2094 imber,

220 2122 325 2186 multa
340 2122 427 2186 mole
443 2123 614 2186 docendus
630 2122 742 2205 aprico
754 2143 890 2205 parcere
906 2132 1011 2205 prato.
1245 2151 1277 2199 ³0

264 2226 364 2290 Nunc
379 2247 451 2309 age,
469 2225 547 2309 quid
565 2236 717 2291 nostrum
733 2235 936 2291 concentum
952 2226 1086 2303 dividat,
1100 2225 1184 2291 audi

221 2331 330 2413 Quem
348 2338 467 2394 tenues
483 2331 625 2394 decuere
640 2339 739 2414 togae
755 2330 920 2413 nitidique
936 2330 1055 2414 capilli,

220 2453 318 2518 quem
335 2433 401 2498 scis
418 2432 599 2497 immunem
618 2433 759 2497 Cinarae
775 2433 942 2516 placuisse
958 2433 1076 2516 rapaci,

220 2558 317 2621 quern
334 2536 484 2602 bibulum
502 2535 617 2619 liquidi
634 2537 744 2600 media
762 2538 804 2600 de
819 2537 894 2601 luce
913 2537 1055 2613 Falerni,

220 2660 303 2705 cena
318 2638 428 2704 brevis
444 2639 534 2704 iuvat
551 2648 585 2703 et
601 2660 704 2722 prope
721 2639 828 2704 rivum
845 2660 983 2705 somnus
1000 2639 1035 2704 in
1051 2639 1161 2705 herba
1180 2653 1184 2659 “
1245 2668 1275 2718 35

221 2745 294 2810 Nec
310 2743 430 2809 lusisse
446 2744 557 2827 pudet,
575 2743 634 2808 sed
652 2765 718 2808 non
735 2744 882 2809 incidere
898 2745 1021 2809 ludum.

222 2851 299 2913 Non
316 2848 391 2913 istic
407 2848 541 2932 obliquo
556 2849 653 2913 oculo
670 2869 743 2912 mea
759 2849 935 2913 commoda
951 2849 1124 2933 quisquam

220 3007 265 3057 hut
276 3006 343 3073 prise
352 3004 410 3070 only
419 3006 462 3056 the
473 3005 600 3072 pleasures
608 3005 639 3056 oi
647 3021 722 3072 eppe·
805 3018 845 3070 32.
863 3020 950 3071 quern
968 3014 1078 3068 tenues,
1096 3012 1158 3057 ete:
1177 3007 1216 3057 ie.
1231 3007 1275 3057 tbe

222 3073 273 3123 tite.
773 3072 822 3123 lact
839 3072 861 3122 iu
881 3074 893 3123 1
911 3089 953 3122 em
969 3073 1067 3137 getting
1089 3073 1208 3133 oldand
1232 3073 1275 3123 the

254 3152 293 3203 23.
321 3139 401 3204 piper
427 3146 457 3189 et
484 3146 553 3189 tus:
582 3138 665 3188 which
694 3139 724 3188 oi
772 3139 1143 3204 pleasureslonceenjoyedl
1161 3140 1274 3189 cercior

221 3220 308 3255 course
330 3211 423 3254 cannot
445 3204 477 3253 be
493 3220 580 3269 grown
598 3204 624 3254 in
645 3203 719 3267 ltaly,
772 3220 806 3253 no
829 3211 1064 3263 more—tenues,
1078 3204 1223 3271 fine-span,
1246 3219 1274 3253 as

220 3269 265 3320 but
276 3270 334 3333 only
347 3270 373 3319 in
385 3269 489 3334 tropical
502 3269 621 3320 climates
771 3271 887 3346 opposed
910 3276 936 3318 to
960 3271 1003 3319 the
1025 3284 1112 3319 course
1131 3269 1199 3319 eloth
1220 3270 1274 3318 that

254 3348 293 3402 25·
310 3349 364 3385 nec
381 3334 518 3392 meretrix.
536 3343 598 3385 etet
617 3336 656 3383 ἐκ.
670 3349 720 3398 you
771 3336 876 3384 saturies
904 3334 956 3384 him
980 3351 1044 3385 now.
1086 3336 1129 3385 He
1150 3350 1201 3383 was
1222 3335 1273 3384 sui·

221 3401 345 3467 eompluin
358 3401 412 3450 thet
428 3417 478 3464 you
495 3401 558 3450 lruve
576 3415 610 3450 no
627 3400 720 3450 relaxa·
771 3399 878 3463 heiently
897 3402 1036 3451 handsome
1059 3400 1120 3451 then
1143 3407 1169 3451 to
1186 3399 1273 3464 justily

221 3466 283 3527 tion,
303 3466 399 3531 though
418 3482 480 3530 your
500 3466 571 3516 lahor
588 3465 611 3515 is
628 3465 659 3515 ol
678 3466 721 3515 the
771 3466 1058 3531 personaludornment.

221 3532 329 3582 hardest.
805 3544 844 3594 33.
855 3532 1273 3597 immunemwr'themptyhonds,
1369 3563 1372 3569 ‚

255 3597 293 3646 26.
311 3611 427 3660 urgues,
464 3613 498 3645 ou
520 3596 630 3645 contend
650 3597 725 3655 roim
770 3596 804 3659 by
816 3597 855 3645 his
866 3612 924 3646 own
936 3597 1053 3661 personui
1070 3598 1272 3646 cherma—re·

221 3661 343 3727 implying
355 3661 397 3711 the
408 3662 434 3710 di
460 3661 527 3725 culty
538 3660 569 3710 ol
582 3661 625 3710 the
637 3661 700 3709 tuslr.
771 3661 849 3725 pati:
869 3663 907 3710 ie.
919 3669 964 3710 not
977 3662 1072 3725 usually
1085 3661 1269 3774 thuspleesed„

255 3739 294 3791 ²7·
312 3741 370 3775 non
388 3734 471 3783 tuctu,
482 3733 544 3774 ete:
568 3726 618 3775 and
636 3740 665 3774 so
682 3741 720 3774 re·
805 3738 845 3787 34.
864 3726 958 3776 medie
976 3728 1011 3775 de
1029 3727 1107 3775 luces
1131 3741 1164 3775 e.
1188 3726 1232 3775 Od.
1251 3726 1272 3775 Ι.

221 3791 322 3856 quiring
343 3806 412 3840 more
431 3790 501 3839 labor
518 3807 552 3838 on
569 3795 676 3839 account
693 3789 723 3838 ol
774 3803 794 3838 ι.
808 3803 847 3838 20.

221 3856 337 3921 previous
359 3854 510 3918 neglect-
523 3856 635 3915 bovem,
651 3856 717 3903 ‘etcr
779 3906 780 3909 ,
804 3866 844 3919 35.
862 3870 933 3905 cena
961 3855 1070 3905 brevis:
1101 3856 1139 3905 ie.
1167 3855 1274 3905 without

222 3922 262 3970 ie.
274 3921 325 3971 und
336 3921 400 3970 hare
414 3920 457 3970 the
473 3919 547 3970 cattle
564 3927 591 3970 to
608 3935 664 3969 care
681 3920 720 3969 lor
770 3936 828 3969 man
857 3936 965 3970 courses.

221 3986 326 4037 besides.
648 3996 652 4003 ·
804 3936 845 4049 33
861 4000 914 4036 nee
934 3986 1040 4036 lusisse
1060 3988 1161 4052 pudet:
1184 3987 1223 4036 ie.
1240 3986 1273 4036 he

255 4050 294 4103 28.
314 4052 476 4103 frondibus:
506 4051 629 4114 anciently
658 4052 721 4102 used
770 4051 844 4102 isnot
852 4052 972 4102 sshamed
981 4052 1011 4102 ol
1019 4053 1090 4103 these
1101 4053 1272 4116 indulgences,

222 4117 260 4168 ior
272 4118 367 4178 lodder.
402 4117 439 4168 Cl.
452 4117 520 4181 Virg.
533 4118 588 4166 Ecl.
602 4118 647 4166 lx.
662 4116 702 4166 61.
769 4117 877 4167 because
890 4118 948 4183 they
960 4134 1026 4168 were
1036 4118 1118 4169 suited
1129 4126 1155 4168 to
1167 4118 1206 4167 his
1217 4133 1271 4182 ege

221 4190 581 4315 roiimlll‘nlil’ti‘id
598 4184 720 4315 {iilerilrl
771 4184 1273 4314 wrilt³ll¹l’.li‘'‘'liriioiiilie'

220 4315 327 4386 whyvre
339 4315 419 4367 differ.
771 4315 861 4379 glauce
872 4315 902 4366 oi
910 4331 982 4381 euvy,
990 4315 1272 4380 wbicbweseucieutly
