<?xml version="1.0" encoding="UTF-8"?>
<!DOCTYPE html PUBLIC "-//W3C//DTD XHTML 1.0 Transitional//EN"
    "http://www.w3.org/TR/xhtml1/DTD/xhtml1-transitional.dtd">
<html xmlns="http://www.w3.org/1999/xhtml" xml:lang="en" lang="en">
 <head>
  <title>
</title>
<meta http-equiv="Content-Type" content="text/html;charset=utf-8" />
  <meta name='ocr-system' content='tesseract 3.04.00' />
  <meta name='ocr-capabilities' content='ocr_page ocr_carea ocr_par ocr_line ocrx_word'/>
</head>
<body>
  <div class='ocr_page' id='page_1' title='image "./odesandepodesho08horagoog_0554.png"; bbox 0 0 3209 4984; ppageno 0'>
   <div class='ocr_carea' id='block_1_1' title="bbox 397 787 1450 873">
    <p class='ocr_par' dir='ltr' id='par_1_1' title="bbox 397 787 1450 873">
     <span class='ocr_line' id='line_1_1' title="bbox 397 787 1450 873; baseline 0.001 -16"><span class='ocrx_word' id='word_1_1' title='bbox 397 803 432 857; x_wconf 83' lang='lat' dir='ltr'>sa</span> <span class='ocrx_word' id='word_1_2' title='bbox 748 804 886 857; x_wconf 79' lang='grc' dir='ltr'>ιιοιιιιτι</span> <span class='ocrx_word' id='word_1_3' title='bbox 908 787 1103 858; x_wconf 65' lang='lat' dir='ltr'>sunnonis</span> <span class='ocrx_word' id='word_1_4' title='bbox 1352 806 1450 873; x_wconf 72' lang='grc' dir='ltr'>[ιιιι</span> 
     </span>
    </p>
   </div>
   <div class='ocr_carea' id='block_1_2' title="bbox 391 965 1454 2415">
    <p class='ocr_par' dir='ltr' id='par_1_2' title="bbox 399 965 1454 1160">
     <span class='ocr_line' id='line_1_2' title="bbox 399 965 1454 1048; baseline 0.007 -16"><span class='ocrx_word' id='word_1_5' title='bbox 399 978 434 1033; x_wconf 91' lang='lat' dir='ltr'>te</span> <span class='ocrx_word' id='word_1_6' title='bbox 449 987 562 1033; x_wconf 88' lang='lat' dir='ltr'>coram</span> <span class='ocrx_word' id='word_1_7' title='bbox 578 967 690 1048; x_wconf 82' lang='lat' dir='ltr'>inerit,</span> <span class='ocrx_word' id='word_1_8' title='bbox 707 965 879 1048; x_wconf 73' lang='lat' dir='ltr'>defendas,</span> <span class='ocrx_word' id='word_1_9' title='bbox 897 980 934 1034; x_wconf 93' lang='lat' dir='ltr'>ut</span> <span class='ocrx_word' id='word_1_10' title='bbox 952 980 1030 1035; x_wconf 93' lang='lat' dir='ltr'>tuus</span> <span class='ocrx_word' id='word_1_11' title='bbox 1045 980 1098 1036; x_wconf 93' lang='lat' dir='ltr'>est</span> <span class='ocrx_word' id='word_1_12' title='bbox 1115 992 1209 1038; x_wconf 87' lang='lat' dir='ltr'>mos:</span> <span class='ocrx_word' id='word_1_13' title='bbox 1426 999 1454 1046; x_wconf 70' lang='lat' dir='ltr'>es</span> 
     </span>
     <span class='ocr_line' id='line_1_3' title="bbox 400 1070 1379 1160; baseline 0.005 -24"><span class='ocrx_word' id='word_1_14' title='bbox 400 1072 479 1137; x_wconf 79' lang='lat' dir='ltr'>‘lie</span> <span class='ocrx_word' id='word_1_15' title='bbox 497 1070 707 1157; x_wconf 88' lang='lat' dir='ltr'>Capitulinus</span> <span class='ocrx_word' id='word_1_16' title='bbox 723 1073 915 1140; x_wconf 82' lang='lat' dir='ltr'>convictore</span> <span class='ocrx_word' id='word_1_17' title='bbox 931 1095 1013 1140; x_wconf 89' lang='lat' dir='ltr'>usus</span> <span class='ocrx_word' id='word_1_18' title='bbox 1027 1075 1201 1160; x_wconf 88' lang='lat' dir='ltr'>amicoque</span> <span class='ocrx_word' id='word_1_19' title='bbox 1376 1081 1379 1087; x_wconf 84' lang='grc'><strong>“</strong></span> 
     </span>
    </p>

    <p class='ocr_par' dir='ltr' id='par_1_3' title="bbox 397 1179 1222 1263">
     <span class='ocr_line' id='line_1_4' title="bbox 397 1179 1222 1263; baseline 0.004 -21"><span class='ocrx_word' id='word_1_20' title='bbox 397 1197 418 1242; x_wconf 86' lang='lat' dir='ltr'>a</span> <span class='ocrx_word' id='word_1_21' title='bbox 433 1196 537 1259; x_wconf 88' lang='lat' dir='ltr'>puero</span> <span class='ocrx_word' id='word_1_22' title='bbox 553 1187 616 1255; x_wconf 84' lang='lat' dir='ltr'>est,</span> <span class='ocrx_word' id='word_1_23' title='bbox 632 1197 799 1262; x_wconf 83' lang='lat' dir='ltr'>causaque</span> <span class='ocrx_word' id='word_1_24' title='bbox 816 1197 890 1243; x_wconf 91' lang='lat' dir='ltr'>mea</span> <span class='ocrx_word' id='word_1_25' title='bbox 905 1179 1070 1262; x_wconf 88' lang='lat' dir='ltr'>pemmlta</span> <span class='ocrx_word' id='word_1_26' title='bbox 1085 1191 1222 1263; x_wconf 82' lang='lat' dir='ltr'>rogatus</span> 
     </span>
    </p>

    <p class='ocr_par' dir='ltr' id='par_1_4' title="bbox 398 1279 1226 1366">
     <span class='ocr_line' id='line_1_5' title="bbox 398 1279 1226 1366; baseline 0.004 -22"><span class='ocrx_word' id='word_1_27' title='bbox 398 1279 488 1357; x_wconf 83' lang='lat' dir='ltr'>iecit,</span> <span class='ocrx_word' id='word_1_28' title='bbox 505 1291 539 1344; x_wconf 91' lang='lat' dir='ltr'>et</span> <span class='ocrx_word' id='word_1_29' title='bbox 555 1279 732 1346; x_wconf 90' lang='lat' dir='ltr'>incolumis</span> <span class='ocrx_word' id='word_1_30' title='bbox 748 1281 855 1346; x_wconf 88' lang='lat' dir='ltr'>laetor</span> <span class='ocrx_word' id='word_1_31' title='bbox 869 1282 957 1366; x_wconf 90' lang='lat' dir='ltr'>quod</span> <span class='ocrx_word' id='word_1_32' title='bbox 973 1282 1054 1346; x_wconf 92' lang='lat' dir='ltr'>vivit</span> <span class='ocrx_word' id='word_1_33' title='bbox 1072 1283 1105 1346; x_wconf 94' lang='lat' dir='ltr'>in</span> <span class='ocrx_word' id='word_1_34' title='bbox 1122 1284 1226 1362; x_wconf 88' lang='lat' dir='ltr'>urbe;</span> 
     </span>
    </p>

    <p class='ocr_par' dir='ltr' id='par_1_5' title="bbox 397 1384 1227 1469">
     <span class='ocr_line' id='line_1_6' title="bbox 397 1384 1227 1469; baseline 0.004 -22"><span class='ocrx_word' id='word_1_35' title='bbox 397 1384 457 1448; x_wconf 90' lang='lat' dir='ltr'>sed</span> <span class='ocrx_word' id='word_1_36' title='bbox 474 1393 587 1448; x_wconf 90' lang='lat' dir='ltr'>tamen</span> <span class='ocrx_word' id='word_1_37' title='bbox 603 1384 757 1463; x_wconf 89' lang='lat' dir='ltr'>admiror,</span> <span class='ocrx_word' id='word_1_38' title='bbox 774 1405 842 1468; x_wconf 90' lang='lat' dir='ltr'>qno</span> <span class='ocrx_word' id='word_1_39' title='bbox 857 1395 956 1469; x_wconf 87' lang='lat' dir='ltr'>pacto</span> <span class='ocrx_word' id='word_1_40' title='bbox 971 1385 1129 1450; x_wconf 90' lang='lat' dir='ltr'>iudicium</span> <span class='ocrx_word' id='word_1_41' title='bbox 1145 1386 1227 1451; x_wconf 88' lang='lat' dir='ltr'>iliud</span> 
     </span>
    </p>

    <p class='ocr_par' dir='ltr' id='par_1_6' title="bbox 396 1484 1452 1681">
     <span class='ocr_line' id='line_1_7' title="bbox 396 1484 1452 1574; baseline 0.002 -22"><span class='ocrx_word' id='word_1_42' title='bbox 396 1484 543 1572; x_wconf 61' lang='lat' dir='ltr'>ingerit?</span> <span class='ocrx_word' id='word_1_43' title='bbox 589 1486 657 1554; x_wconf 90' lang='lat' dir='ltr'>Hic</span> <span class='ocrx_word' id='word_1_44' title='bbox 673 1487 789 1573; x_wconf 80' lang='lat' dir='ltr'>nigrae</span> <span class='ocrx_word' id='word_1_45' title='bbox 805 1508 907 1555; x_wconf 92' lang='lat' dir='ltr'>sucus</span> <span class='ocrx_word' id='word_1_46' title='bbox 923 1488 1080 1574; x_wconf 77' lang='lat' dir='ltr'>loliginis,</span> <span class='ocrx_word' id='word_1_47' title='bbox 1097 1490 1180 1556; x_wconf 84' lang='lat' dir='ltr'>haec</span> <span class='ocrx_word' id='word_1_48' title='bbox 1196 1501 1248 1556; x_wconf 86' lang='lat' dir='ltr'>est</span> <span class='ocrx_word' id='word_1_49' title='bbox 1413 1520 1452 1554; x_wconf 80' lang='grc' dir='ltr'>ιω</span> 
     </span>
     <span class='ocr_line' id='line_1_8' title="bbox 396 1592 1310 1681; baseline 0.003 -21"><span class='ocrx_word' id='word_1_50' title='bbox 396 1613 521 1679; x_wconf 83' lang='lat' dir='ltr'><strong>aerugo</strong></span> <span class='ocrx_word' id='word_1_51' title='bbox 537 1613 637 1660; x_wconf 86' lang='lat' dir='ltr'>mera.</span> <span class='ocrx_word' id='word_1_52' title='bbox 684 1592 785 1680; x_wconf 87' lang='lat' dir='ltr'>Quod</span> <span class='ocrx_word' id='word_1_53' title='bbox 802 1593 919 1661; x_wconf 89' lang='lat' dir='ltr'>vitium</span> <span class='ocrx_word' id='word_1_54' title='bbox 937 1596 1052 1681; x_wconf 90' lang='lat' dir='ltr'>procul</span> <span class='ocrx_word' id='word_1_55' title='bbox 1067 1592 1160 1662; x_wconf 87' lang='lat' dir='ltr'>aiore</span> <span class='ocrx_word' id='word_1_56' title='bbox 1175 1595 1310 1677; x_wconf 90' lang='lat' dir='ltr'>chartis,</span> 
     </span>
    </p>

    <p class='ocr_par' dir='ltr' id='par_1_7' title="bbox 395 1699 1278 1787">
     <span class='ocr_line' id='line_1_9' title="bbox 395 1699 1278 1787; baseline 0.003 -21"><span class='ocrx_word' id='word_1_57' title='bbox 395 1710 497 1786; x_wconf 90' lang='lat' dir='ltr'>atque</span> <span class='ocrx_word' id='word_1_58' title='bbox 512 1700 624 1766; x_wconf 89' lang='lat' dir='ltr'>animo</span> <span class='ocrx_word' id='word_1_59' title='bbox 640 1699 742 1786; x_wconf 87' lang='lat' dir='ltr'>prius,</span> <span class='ocrx_word' id='word_1_60' title='bbox 761 1711 797 1767; x_wconf 93' lang='lat' dir='ltr'>ut</span> <span class='ocrx_word' id='word_1_61' title='bbox 814 1700 937 1787; x_wconf 89' lang='lat' dir='ltr'>siquid</span> <span class='ocrx_word' id='word_1_62' title='bbox 954 1701 1150 1787; x_wconf 83' lang='lat' dir='ltr'><strong>promittere</strong></span> <span class='ocrx_word' id='word_1_63' title='bbox 1165 1703 1208 1769; x_wconf 90' lang='lat' dir='ltr'>de</span> <span class='ocrx_word' id='word_1_64' title='bbox 1223 1723 1278 1769; x_wconf 92' lang='lat' dir='ltr'>me</span> 
     </span>
    </p>

    <p class='ocr_par' dir='ltr' id='par_1_8' title="bbox 395 1805 1167 1890">
     <span class='ocr_line' id='line_1_10' title="bbox 395 1805 1167 1890; baseline 0.004 -21"><span class='ocrx_word' id='word_1_65' title='bbox 395 1826 532 1889; x_wconf 89' lang='lat' dir='ltr'>possum</span> <span class='ocrx_word' id='word_1_66' title='bbox 548 1805 638 1871; x_wconf 89' lang='lat' dir='ltr'>aliud</span> <span class='ocrx_word' id='word_1_67' title='bbox 654 1826 732 1871; x_wconf 89' lang='lat' dir='ltr'>vere</span> <span class='ocrx_word' id='word_1_68' title='bbox 750 1807 918 1890; x_wconf 85' lang='lat' dir='ltr'>promitto.</span> <span class='ocrx_word' id='word_1_69' title='bbox 968 1808 1122 1872; x_wconf 83' lang='lat' dir='ltr'>Liberius</span> <span class='ocrx_word' id='word_1_70' title='bbox 1138 1807 1167 1872; x_wconf 93' lang='lat' dir='ltr'>si</span> 
     </span>
    </p>

    <p class='ocr_par' dir='ltr' id='par_1_9' title="bbox 394 1906 1208 1992">
     <span class='ocr_line' id='line_1_11' title="bbox 394 1906 1208 1992; baseline 0.004 -20"><span class='ocrx_word' id='word_1_71' title='bbox 394 1909 509 1973; x_wconf 83' lang='lat' dir='ltr'>dixero</span> <span class='ocrx_word' id='word_1_72' title='bbox 524 1908 614 1992; x_wconf 89' lang='lat' dir='ltr'>qnid,</span> <span class='ocrx_word' id='word_1_73' title='bbox 631 1907 659 1973; x_wconf 93' lang='lat' dir='ltr'>si</span> <span class='ocrx_word' id='word_1_74' title='bbox 675 1906 762 1974; x_wconf 78' lang='lat' dir='ltr'>forte</span> <span class='ocrx_word' id='word_1_75' title='bbox 779 1909 932 1984; x_wconf 86' lang='lat' dir='ltr'>iocosius,</span> <span class='ocrx_word' id='word_1_76' title='bbox 950 1910 1013 1974; x_wconf 89' lang='lat' dir='ltr'>hoe</span> <span class='ocrx_word' id='word_1_77' title='bbox 1030 1910 1110 1974; x_wconf 81' lang='lat' dir='ltr'>milri</span> <span class='ocrx_word' id='word_1_78' title='bbox 1127 1910 1208 1975; x_wconf 91' lang='lat' dir='ltr'>iuris</span> 
     </span>
    </p>

    <p class='ocr_par' dir='ltr' id='par_1_10' title="bbox 393 2011 1448 2204">
     <span class='ocr_line' id='line_1_12' title="bbox 394 2011 1448 2098; baseline 0.001 -21"><span class='ocrx_word' id='word_1_79' title='bbox 394 2032 471 2077; x_wconf 90' lang='lat' dir='ltr'>cum</span> <span class='ocrx_word' id='word_1_80' title='bbox 486 2012 586 2077; x_wconf 91' lang='lat' dir='ltr'>venia</span> <span class='ocrx_word' id='word_1_81' title='bbox 600 2011 716 2078; x_wconf 86' lang='lat' dir='ltr'>dabis:</span> <span class='ocrx_word' id='word_1_82' title='bbox 739 2012 884 2078; x_wconf 81' lang='lat' dir='ltr'>insuevit</span> <span class='ocrx_word' id='word_1_83' title='bbox 901 2023 997 2098; x_wconf 87' lang='lat' dir='ltr'>pater</span> <span class='ocrx_word' id='word_1_84' title='bbox 1011 2014 1158 2097; x_wconf 89' lang='lat' dir='ltr'>optimus</span> <span class='ocrx_word' id='word_1_85' title='bbox 1175 2015 1238 2080; x_wconf 84' lang='lat' dir='ltr'>lroc</span> <span class='ocrx_word' id='word_1_86' title='bbox 1254 2035 1317 2094; x_wconf 82' lang='lat' dir='ltr'>nte,</span> <span class='ocrx_word' id='word_1_87' title='bbox 1409 2044 1448 2091; x_wconf 80' lang='lat'>105</span> 
     </span>
     <span class='ocr_line' id='line_1_13' title="bbox 393 2117 1287 2204; baseline 0.004 -22"><span class='ocrx_word' id='word_1_88' title='bbox 393 2127 431 2183; x_wconf 91' lang='lat' dir='ltr'>ut</span> <span class='ocrx_word' id='word_1_89' title='bbox 447 2117 598 2202; x_wconf 77' lang='lat' dir='ltr'>fugerem</span> <span class='ocrx_word' id='word_1_90' title='bbox 615 2117 776 2202; x_wconf 87' lang='lat' dir='ltr'>exemplis</span> <span class='ocrx_word' id='word_1_91' title='bbox 793 2117 948 2183; x_wconf 90' lang='lat' dir='ltr'>vitiorum</span> <span class='ocrx_word' id='word_1_92' title='bbox 965 2139 1116 2204; x_wconf 87' lang='lat' dir='ltr'>quaeque</span> <span class='ocrx_word' id='word_1_93' title='bbox 1133 2121 1287 2187; x_wconf 87' lang='lat' dir='ltr'>notando.</span> 
     </span>
    </p>

    <p class='ocr_par' dir='ltr' id='par_1_11' title="bbox 394 2222 1191 2310">
     <span class='ocr_line' id='line_1_14' title="bbox 394 2222 1191 2310; baseline 0.003 -23"><span class='ocrx_word' id='word_1_94' title='bbox 394 2222 480 2288; x_wconf 89' lang='lat' dir='ltr'>Cum</span> <span class='ocrx_word' id='word_1_95' title='bbox 499 2243 553 2287; x_wconf 91' lang='lat' dir='ltr'>me</span> <span class='ocrx_word' id='word_1_96' title='bbox 569 2225 767 2301; x_wconf 78' lang='lat' dir='ltr'>hortaretur,</span> <span class='ocrx_word' id='word_1_97' title='bbox 785 2243 885 2307; x_wconf 89' lang='lat' dir='ltr'>parce</span> <span class='ocrx_word' id='word_1_98' title='bbox 901 2223 1076 2309; x_wconf 82' lang='lat' dir='ltr'>frugaliter</span> <span class='ocrx_word' id='word_1_99' title='bbox 1090 2234 1191 2310; x_wconf 90' lang='lat' dir='ltr'>atque</span> 
     </span>
    </p>

    <p class='ocr_par' dir='ltr' id='par_1_12' title="bbox 391 2328 1303 2415">
     <span class='ocr_line' id='line_1_15' title="bbox 391 2328 1303 2415; baseline 0.003 -22"><span class='ocrx_word' id='word_1_100' title='bbox 391 2328 538 2394; x_wconf 79' lang='lat' dir='ltr'>viverem</span> <span class='ocrx_word' id='word_1_101' title='bbox 556 2328 604 2393; x_wconf 94' lang='lat' dir='ltr'>nti</span> <span class='ocrx_word' id='word_1_102' title='bbox 621 2337 802 2394; x_wconf 91' lang='lat' dir='ltr'>contentus</span> <span class='ocrx_word' id='word_1_103' title='bbox 819 2330 964 2414; x_wconf 85' lang='lat' dir='ltr'>eoquod</span> <span class='ocrx_word' id='word_1_104' title='bbox 982 2329 1026 2394; x_wconf 89' lang='lat' dir='ltr'>mi</span> <span class='ocrx_word' id='word_1_105' title='bbox 1044 2330 1115 2415; x_wconf 87' lang='lat' dir='ltr'>ipse</span> <span class='ocrx_word' id='word_1_106' title='bbox 1130 2340 1303 2414; x_wconf 88' lang='lat' dir='ltr'>parasset:</span> 
     </span>
    </p>
   </div>
   <div class='ocr_carea' id='block_1_3' title="bbox 393 2433 1448 2619">
    <p class='ocr_par' dir='ltr' id='par_1_13' title="bbox 393 2433 1448 2619">
     <span class='ocr_line' id='line_1_16' title="bbox 393 2433 1233 2518; baseline 0 -20"><span class='ocrx_word' id='word_1_107' title='bbox 393 2434 536 2498; x_wconf 85' lang='lat' dir='ltr'>‘Nonne</span> <span class='ocrx_word' id='word_1_108' title='bbox 552 2434 646 2499; x_wconf 90' lang='lat' dir='ltr'>vides</span> <span class='ocrx_word' id='word_1_109' title='bbox 662 2433 744 2497; x_wconf 82' lang='lat' dir='ltr'>Albi</span> <span class='ocrx_word' id='word_1_110' title='bbox 763 2444 797 2497; x_wconf 89' lang='lat' dir='ltr'>ut</span> <span class='ocrx_word' id='word_1_111' title='bbox 815 2434 902 2499; x_wconf 87' lang='lat' dir='ltr'>male</span> <span class='ocrx_word' id='word_1_112' title='bbox 918 2435 1007 2499; x_wconf 86' lang='lat' dir='ltr'>vivat</span> <span class='ocrx_word' id='word_1_113' title='bbox 1025 2435 1112 2499; x_wconf 78' lang='lat' dir='ltr'>filius</span> <span class='ocrx_word' id='word_1_114' title='bbox 1130 2445 1233 2518; x_wconf 89' lang='lat' dir='ltr'>utque</span> 
     </span>
     <span class='ocr_line' id='line_1_17' title="bbox 393 2535 1448 2619; baseline 0 -21"><span class='ocrx_word' id='word_1_115' title='bbox 393 2537 492 2599; x_wconf 86' lang='lat' dir='ltr'>llnius</span> <span class='ocrx_word' id='word_1_116' title='bbox 507 2535 626 2617; x_wconf 85' lang='lat' dir='ltr'>inops?</span> <span class='ocrx_word' id='word_1_117' title='bbox 661 2537 824 2618; x_wconf 79' lang='lat' dir='ltr'>Magnum</span> <span class='ocrx_word' id='word_1_118' title='bbox 838 2538 1075 2600; x_wconf 81' lang='lat' dir='ltr'>documentum</span> <span class='ocrx_word' id='word_1_119' title='bbox 1090 2557 1132 2601; x_wconf 91' lang='lat' dir='ltr'>ne</span> <span class='ocrx_word' id='word_1_120' title='bbox 1145 2537 1285 2619; x_wconf 87' lang='lat' dir='ltr'>patriam</span> <span class='ocrx_word' id='word_1_121' title='bbox 1300 2558 1370 2600; x_wconf 89' lang='lat' dir='ltr'>rem</span> <span class='ocrx_word' id='word_1_122' title='bbox 1407 2566 1448 2599; x_wconf 81' lang='lat' dir='ltr'>no</span> 
     </span>
    </p>
   </div>
   <div class='ocr_carea' id='block_1_4' title="bbox 387 2731 1475 3383">
    <p class='ocr_par' dir='ltr' id='par_1_14' title="bbox 388 2731 1445 3005">
     <span class='ocr_line' id='line_1_18' title="bbox 422 2731 1445 2810; baseline 0.001 -29"><span class='ocrx_word' id='word_1_123' title='bbox 422 2731 462 2810; x_wconf 69' lang='lat' dir='ltr'>piu</span> <span class='ocrx_word' id='word_1_124' title='bbox 480 2731 640 2809; x_wconf 72' lang='lat' dir='ltr'>convictore</span> <span class='ocrx_word' id='word_1_125' title='bbox 661 2745 740 2790; x_wconf 88' lang='lat' dir='ltr'>usus,</span> <span class='ocrx_word' id='word_1_126' title='bbox 760 2738 808 2781; x_wconf 80' lang='lat' dir='ltr'>etc.</span> <span class='ocrx_word' id='word_1_127' title='bbox 817 2749 834 2808; x_wconf 38' lang='lat' dir='ltr'>r·</span> <span class='ocrx_word' id='word_1_128' title='bbox 845 2731 893 2780; x_wconf 80' lang='lat' dir='ltr'>kar</span> <span class='ocrx_word' id='word_1_129' title='bbox 944 2732 1009 2810; x_wconf 61' lang='lat' dir='ltr'>done.</span> <span class='ocrx_word' id='word_1_130' title='bbox 1019 2759 1051 2770; x_wconf 91' lang='lat'><em>-</em></span> <span class='ocrx_word' id='word_1_131' title='bbox 1060 2733 1195 2791; x_wconf 76' lang='lat' dir='ltr'>iocosius,</span> <span class='ocrx_word' id='word_1_132' title='bbox 1206 2733 1267 2782; x_wconf 74' lang='lat' dir='ltr'>reith</span> <span class='ocrx_word' id='word_1_133' title='bbox 1278 2743 1317 2782; x_wconf 81' lang='lat' dir='ltr'>tuo</span> <span class='ocrx_word' id='word_1_134' title='bbox 1332 2735 1412 2798; x_wconf 53' lang='lat' dir='ltr'>rossad</span> <span class='ocrx_word' id='word_1_135' title='bbox 1429 2751 1445 2782; x_wconf 81' lang='lat' dir='ltr'>a</span> 
     </span>
     <span class='ocr_line' id='line_1_19' title="bbox 388 2797 1407 2927; baseline 0.004 -18"><span class='ocrx_word' id='word_1_136' title='bbox 388 2797 497 2925; x_wconf 39' lang='lat' dir='ltr'>:myzl</span> <span class='ocrx_word' id='word_1_137' title='bbox 506 2803 700 2921; x_wconf 42' lang='lat' dir='ltr'>glutitum?</span> <span class='ocrx_word' id='word_1_138' title='bbox 716 2797 892 2911; x_wconf 48' lang='lat' dir='ltr'>i.,e⁸.d·(lmtlli·lc</span> <span class='ocrx_word' id='word_1_139' title='bbox 943 2806 1034 2922; x_wconf 50' lang='lat' dir='ltr'>sattim.</span> <span class='ocrx_word' id='word_1_140' title='bbox 1052 2863 1107 2912; x_wconf 80' lang='lat' dir='ltr'>hoe</span> <span class='ocrx_word' id='word_1_141' title='bbox 1119 2862 1197 2921; x_wconf 85' lang='lat' dir='ltr'>iuris,</span> <span class='ocrx_word' id='word_1_142' title='bbox 1208 2863 1259 2912; x_wconf 75' lang='lat' dir='ltr'>llis</span> <span class='ocrx_word' id='word_1_143' title='bbox 1271 2862 1407 2927; x_wconf 58' lang='lat' dir='ltr'>prmum.</span> 
     </span>
     <span class='ocr_line' id='line_1_20' title="bbox 388 2925 1444 3005; baseline 0.001 -29"><span class='ocrx_word' id='word_1_144' title='bbox 388 2928 464 2978; x_wconf 81' lang='lat' dir='ltr'>rrtuclr</span> <span class='ocrx_word' id='word_1_145' title='bbox 477 2935 503 2975; x_wconf 86' lang='lat' dir='ltr'>tu</span> <span class='ocrx_word' id='word_1_146' title='bbox 515 2925 591 2975; x_wconf 80' lang='lat' dir='ltr'>irinr.”</span> <span class='ocrx_word' id='word_1_147' title='bbox 980 2940 1033 2992; x_wconf 84' lang='lat'>¹05·</span> <span class='ocrx_word' id='word_1_148' title='bbox 1052 2926 1184 2987; x_wconf 86' lang='lat' dir='ltr'>insuevit,</span> <span class='ocrx_word' id='word_1_149' title='bbox 1193 2936 1255 2977; x_wconf 69' lang='lat' dir='ltr'>etur</span> <span class='ocrx_word' id='word_1_150' title='bbox 1270 2926 1358 3005; x_wconf 65' lang='lat' dir='ltr'>piving</span> <span class='ocrx_word' id='word_1_151' title='bbox 1368 2943 1444 2977; x_wconf 85' lang='lat' dir='ltr'>srcs·</span> 
     </span>
    </p>

    <p class='ocr_par' dir='ltr' id='par_1_15' title="bbox 387 2990 1475 3243">
     <span class='ocr_line' id='line_1_21' title="bbox 421 2990 1444 3056; baseline 0 -15"><span class='ocrx_word' id='word_1_152' title='bbox 421 2992 462 3055; x_wconf 77' lang='lat'>98.</span> <span class='ocrx_word' id='word_1_153' title='bbox 481 2990 632 3042; x_wconf 87' lang='lat' dir='ltr'>incolumis</span> <span class='ocrx_word' id='word_1_154' title='bbox 646 2991 733 3042; x_wconf 86' lang='lat' dir='ltr'>...iu</span> <span class='ocrx_word' id='word_1_155' title='bbox 754 2991 832 3051; x_wconf 86' lang='lat' dir='ltr'>urbe,</span> <span class='ocrx_word' id='word_1_156' title='bbox 853 2991 890 3041; x_wconf 84' lang='lat' dir='ltr'>ln·</span> <span class='ocrx_word' id='word_1_157' title='bbox 941 3006 988 3042; x_wconf 91' lang='lat' dir='ltr'>sou</span> <span class='ocrx_word' id='word_1_158' title='bbox 1005 2993 1044 3041; x_wconf 83' lang='lat' dir='ltr'>nh</span> <span class='ocrx_word' id='word_1_159' title='bbox 1074 2993 1105 3042; x_wconf 87' lang='lat' dir='ltr'>he</span> <span class='ocrx_word' id='word_1_160' title='bbox 1122 2993 1213 3042; x_wconf 84' lang='lat' dir='ltr'>slruuid</span> <span class='ocrx_word' id='word_1_161' title='bbox 1232 2993 1263 3042; x_wconf 86' lang='lat' dir='ltr'>be</span> <span class='ocrx_word' id='word_1_162' title='bbox 1279 2992 1401 3056; x_wconf 70' lang='lat' dir='ltr'>indulged</span> <span class='ocrx_word' id='word_1_163' title='bbox 1418 2993 1444 3042; x_wconf 88' lang='lat' dir='ltr'>in</span> 
     </span>
     <span class='ocr_line' id='line_1_22' title="bbox 387 3056 1445 3124; baseline -0.001 -15"><span class='ocrx_word' id='word_1_164' title='bbox 387 3060 459 3109; x_wconf 86' lang='lat' dir='ltr'>stead</span> <span class='ocrx_word' id='word_1_165' title='bbox 475 3058 505 3108; x_wconf 86' lang='lat' dir='ltr'>oi</span> <span class='ocrx_word' id='word_1_166' title='bbox 520 3057 602 3122; x_wconf 69' lang='lat' dir='ltr'>lesing</span> <span class='ocrx_word' id='word_1_167' title='bbox 617 3056 657 3107; x_wconf 85' lang='lat' dir='ltr'>his</span> <span class='ocrx_word' id='word_1_168' title='bbox 674 3056 821 3124; x_wconf 78' lang='lat' dir='ltr'>citizenship</span> <span class='ocrx_word' id='word_1_169' title='bbox 839 3058 891 3107; x_wconf 83' lang='lat' dir='ltr'>and</span> <span class='ocrx_word' id='word_1_170' title='bbox 942 3057 982 3108; x_wconf 85' lang='lat' dir='ltr'>his</span> <span class='ocrx_word' id='word_1_171' title='bbox 993 3058 1063 3108; x_wconf 82' lang='lat' dir='ltr'>haim</span> <span class='ocrx_word' id='word_1_172' title='bbox 1075 3057 1105 3109; x_wconf 88' lang='lat' dir='ltr'>oi</span> <span class='ocrx_word' id='word_1_173' title='bbox 1115 3058 1198 3118; x_wconf 72' lang='lat' dir='ltr'>satire,</span> <span class='ocrx_word' id='word_1_174' title='bbox 1210 3059 1260 3108; x_wconf 79' lang='lat' dir='ltr'>end</span> <span class='ocrx_word' id='word_1_175' title='bbox 1275 3066 1302 3108; x_wconf 94' lang='lat' dir='ltr'>st</span> <span class='ocrx_word' id='word_1_176' title='bbox 1318 3058 1361 3109; x_wconf 85' lang='lat' dir='ltr'>tlre</span> <span class='ocrx_word' id='word_1_177' title='bbox 1375 3074 1445 3109; x_wconf 83' lang='lat' dir='ltr'>sstue</span> 
     </span>
     <span class='ocr_line' id='line_1_23' title="bbox 388 3124 1445 3190; baseline -0.001 -15"><span class='ocrx_word' id='word_1_178' title='bbox 388 3126 466 3190; x_wconf 78' lang='lat' dir='ltr'>being</span> <span class='ocrx_word' id='word_1_179' title='bbox 490 3124 581 3184; x_wconf 77' lang='lat' dir='ltr'>exiled,</span> <span class='ocrx_word' id='word_1_180' title='bbox 604 3139 633 3173; x_wconf 89' lang='lat' dir='ltr'>ss</span> <span class='ocrx_word' id='word_1_181' title='bbox 656 3125 689 3174; x_wconf 83' lang='lat' dir='ltr'>lte</span> <span class='ocrx_word' id='word_1_182' title='bbox 712 3124 796 3174; x_wconf 82' lang='lat' dir='ltr'>would</span> <span class='ocrx_word' id='word_1_183' title='bbox 826 3126 891 3174; x_wconf 83' lang='lat' dir='ltr'>hove</span> <span class='ocrx_word' id='word_1_184' title='bbox 942 3124 1002 3173; x_wconf 88' lang='lat' dir='ltr'>time</span> <span class='ocrx_word' id='word_1_185' title='bbox 1011 3124 1126 3187; x_wconf 75' lang='lat' dir='ltr'>showing</span> <span class='ocrx_word' id='word_1_186' title='bbox 1136 3125 1188 3174; x_wconf 84' lang='lat' dir='ltr'>tlrat</span> <span class='ocrx_word' id='word_1_187' title='bbox 1198 3125 1268 3174; x_wconf 80' lang='lat' dir='ltr'>there</span> <span class='ocrx_word' id='word_1_188' title='bbox 1277 3124 1298 3174; x_wconf 87' lang='lat' dir='ltr'>is</span> <span class='ocrx_word' id='word_1_189' title='bbox 1310 3141 1344 3174; x_wconf 93' lang='lat' dir='ltr'>no</span> <span class='ocrx_word' id='word_1_190' title='bbox 1356 3125 1445 3175; x_wconf 77' lang='lat' dir='ltr'>malice</span> 
     </span>
     <span class='ocr_line' id='line_1_24' title="bbox 387 3189 1475 3243; baseline -0.003 0"><span class='ocrx_word' id='word_1_191' title='bbox 387 3192 452 3242; x_wconf 85' lang='lat' dir='ltr'>been</span> <span class='ocrx_word' id='word_1_192' title='bbox 464 3192 486 3243; x_wconf 84' lang='lat' dir='ltr'>ii</span> <span class='ocrx_word' id='word_1_193' title='bbox 499 3189 640 3242; x_wconf 84' lang='lat' dir='ltr'>convicted.</span> <span class='ocrx_word' id='word_1_194' title='bbox 942 3189 968 3239; x_wconf 89' lang='lat' dir='ltr'>in</span> <span class='ocrx_word' id='word_1_195' title='bbox 986 3191 1026 3240; x_wconf 85' lang='lat' dir='ltr'>lris</span> <span class='ocrx_word' id='word_1_196' title='bbox 1042 3191 1169 3240; x_wconf 86' lang='lat' dir='ltr'>strictures</span> <span class='ocrx_word' id='word_1_197' title='bbox 1186 3191 1292 3240; x_wconf 66' lang='lat' dir='ltr'>tumore</span> <span class='ocrx_word' id='word_1_198' title='bbox 1309 3191 1328 3240; x_wconf 92' lang='lat' dir='ltr'>it</span> <span class='ocrx_word' id='word_1_199' title='bbox 1345 3190 1418 3240; x_wconf 82' lang='lat' dir='ltr'>issor</span> <span class='ocrx_word' id='word_1_200' title='bbox 1428 3207 1444 3240; x_wconf 88' lang='lat' dir='ltr'>s</span> <span class='ocrx_word' id='word_1_201' title='bbox 1468 3202 1475 3216; x_wconf 87' lang='lat'><strong>·</strong></span> 
     </span>
    </p>

    <p class='ocr_par' dir='ltr' id='par_1_16' title="bbox 387 3255 1443 3383">
     <span class='ocr_line' id='line_1_25' title="bbox 424 3255 1443 3322; baseline -0.002 -15"><span class='ocrx_word' id='word_1_202' title='bbox 424 3271 478 3307; x_wconf 87' lang='lat' dir='ltr'>roo.</span> <span class='ocrx_word' id='word_1_203' title='bbox 495 3257 593 3320; x_wconf 73' lang='lat' dir='ltr'>nigrae</span> <span class='ocrx_word' id='word_1_204' title='bbox 606 3270 693 3305; x_wconf 87' lang='lat' dir='ltr'>sucus</span> <span class='ocrx_word' id='word_1_205' title='bbox 705 3255 840 3318; x_wconf 77' lang='lat' dir='ltr'>loliginis,</span> <span class='ocrx_word' id='word_1_206' title='bbox 850 3257 889 3306; x_wconf 72' lang='lat' dir='ltr'>ie.</span> <span class='ocrx_word' id='word_1_207' title='bbox 941 3255 1019 3305; x_wconf 87' lang='lat' dir='ltr'>rnoral</span> <span class='ocrx_word' id='word_1_208' title='bbox 1032 3258 1261 3322; x_wconf 74' lang='lat' dir='ltr'>purpose-hoe,</span> <span class='ocrx_word' id='word_1_209' title='bbox 1271 3257 1312 3306; x_wconf 76' lang='lat' dir='ltr'>ie.</span> <span class='ocrx_word' id='word_1_210' title='bbox 1322 3264 1355 3306; x_wconf 91' lang='lat' dir='ltr'>ut</span> <span class='ocrx_word' id='word_1_211' title='bbox 1366 3257 1443 3319; x_wconf 71' lang='lat' dir='ltr'>iuge·</span> 
     </span>
     <span class='ocr_line' id='line_1_26' title="bbox 387 3321 1009 3383; baseline -0.005 -11"><span class='ocrx_word' id='word_1_212' title='bbox 387 3323 429 3372; x_wconf 85' lang='lat' dir='ltr'>the</span> <span class='ocrx_word' id='word_1_213' title='bbox 439 3321 663 3372; x_wconf 75' lang='lat' dir='ltr'>essenceoiblsclt</span> <span class='ocrx_word' id='word_1_214' title='bbox 674 3321 811 3383; x_wconf 70' lang='lat' dir='ltr'>tranlignity.</span> <span class='ocrx_word' id='word_1_215' title='bbox 833 3321 890 3371; x_wconf 82' lang='lat' dir='ltr'>&#39;i&#39;lre</span> <span class='ocrx_word' id='word_1_216' title='bbox 941 3335 1009 3371; x_wconf 87' lang='lat' dir='ltr'>rem.</span> 
     </span>
    </p>
   </div>
   <div class='ocr_carea' id='block_1_5' title="bbox 296 3384 1442 3450">
    <p class='ocr_par' dir='ltr' id='par_1_17' title="bbox 296 3384 1442 3450">
     <span class='ocr_line' id='line_1_27' title="bbox 296 3384 1442 3450; baseline -0.003 -13"><span class='ocrx_word' id='word_1_217' title='bbox 296 3398 300 3408; x_wconf 88' lang='lat'>·</span> <span class='ocrx_word' id='word_1_218' title='bbox 386 3387 497 3450; x_wconf 73' lang='lat' dir='ltr'>ligureis</span> <span class='ocrx_word' id='word_1_219' title='bbox 512 3386 576 3437; x_wconf 83' lang='lat' dir='ltr'>irem</span> <span class='ocrx_word' id='word_1_220' title='bbox 594 3386 637 3436; x_wconf 80' lang='lat' dir='ltr'>tite</span> <span class='ocrx_word' id='word_1_221' title='bbox 655 3385 783 3435; x_wconf 76' lang='lat' dir='ltr'>execution</span> <span class='ocrx_word' id='word_1_222' title='bbox 801 3386 831 3436; x_wconf 82' lang='lat' dir='ltr'>ol</span> <span class='ocrx_word' id='word_1_223' title='bbox 847 3386 889 3435; x_wconf 82' lang='lat' dir='ltr'>tire</span> <span class='ocrx_word' id='word_1_224' title='bbox 976 3384 1031 3435; x_wconf 79' lang='lat' dir='ltr'>rod.</span> <span class='ocrx_word' id='word_1_225' title='bbox 1048 3386 1186 3450; x_wconf 78' lang='lat' dir='ltr'>exemplis</span> <span class='ocrx_word' id='word_1_226' title='bbox 1198 3386 1442 3448; x_wconf 59' lang='lat' dir='ltr'>notendodyceu·</span> 
     </span>
    </p>
   </div>
   <div class='ocr_carea' id='block_1_6' title="bbox 381 3450 1442 4046">
    <p class='ocr_par' dir='ltr' id='par_1_18' title="bbox 385 3450 1442 3582">
     <span class='ocr_line' id='line_1_28' title="bbox 385 3450 1442 3516; baseline -0.003 -13"><span class='ocrx_word' id='word_1_227' title='bbox 385 3453 511 3503; x_wconf 82' lang='lat' dir='ltr'>cuttleiislr</span> <span class='ocrx_word' id='word_1_228' title='bbox 532 3452 596 3502; x_wconf 83' lang='lat' dir='ltr'>iront</span> <span class='ocrx_word' id='word_1_229' title='bbox 614 3450 696 3502; x_wconf 82' lang='lat' dir='ltr'>wlriclt</span> <span class='ocrx_word' id='word_1_230' title='bbox 715 3450 789 3500; x_wconf 90' lang='lat' dir='ltr'>indis</span> <span class='ocrx_word' id='word_1_231' title='bbox 807 3451 851 3500; x_wconf 79' lang='lat' dir='ltr'>inlr</span> <span class='ocrx_word' id='word_1_232' title='bbox 869 3452 890 3501; x_wconf 86' lang='lat' dir='ltr'>is</span> <span class='ocrx_word' id='word_1_233' title='bbox 940 3451 1038 3513; x_wconf 73' lang='lat' dir='ltr'>ruring</span> <span class='ocrx_word' id='word_1_234' title='bbox 1056 3451 1121 3500; x_wconf 75' lang='lat' dir='ltr'>them</span> <span class='ocrx_word' id='word_1_235' title='bbox 1141 3451 1248 3514; x_wconf 67' lang='lat' dir='ltr'>tta-omri</span> <span class='ocrx_word' id='word_1_236' title='bbox 1268 3452 1442 3516; x_wconf 73' lang='lat' dir='ltr'>exempla,-</span> 
     </span>
     <span class='ocr_line' id='line_1_29' title="bbox 385 3516 1286 3582; baseline 0 -15"><span class='ocrx_word' id='word_1_237' title='bbox 385 3519 468 3569; x_wconf 86' lang='lat' dir='ltr'>made.</span> <span class='ocrx_word' id='word_1_238' title='bbox 501 3517 540 3567; x_wconf 82' lang='lat' dir='ltr'>Ci.</span> <span class='ocrx_word' id='word_1_239' title='bbox 554 3519 599 3568; x_wconf 86' lang='lat' dir='ltr'>bic</span> <span class='ocrx_word' id='word_1_240' title='bbox 611 3516 693 3579; x_wconf 77' lang='lat' dir='ltr'>niger</span> <span class='ocrx_word' id='word_1_241' title='bbox 705 3524 756 3576; x_wconf 88' lang='lat' dir='ltr'>est,</span> <span class='ocrx_word' id='word_1_242' title='bbox 768 3531 791 3567; x_wconf 91' lang='lat' dir='ltr'>v.</span> <span class='ocrx_word' id='word_1_243' title='bbox 804 3516 845 3582; x_wconf 82' lang='lat'>85.</span> <span class='ocrx_word' id='word_1_244' title='bbox 941 3516 984 3566; x_wconf 82' lang='lat' dir='ltr'>tlte</span> <span class='ocrx_word' id='word_1_245' title='bbox 995 3531 1099 3567; x_wconf 74' lang='lat' dir='ltr'>rimoner</span> <span class='ocrx_word' id='word_1_246' title='bbox 1110 3516 1140 3566; x_wconf 84' lang='lat' dir='ltr'>oi</span> <span class='ocrx_word' id='word_1_247' title='bbox 1154 3517 1286 3567; x_wconf 84' lang='lat' dir='ltr'>insuevit.</span> 
     </span>
    </p>

    <p class='ocr_par' dir='ltr' id='par_1_19' title="bbox 381 3582 1441 3846">
     <span class='ocr_line' id='line_1_30' title="bbox 422 3582 1441 3645; baseline 0.001 -14"><span class='ocrx_word' id='word_1_248' title='bbox 422 3597 475 3633; x_wconf 89' lang='lat' dir='ltr'>ror.</span> <span class='ocrx_word' id='word_1_249' title='bbox 492 3597 599 3645; x_wconf 73' lang='lat' dir='ltr'>aerugo</span> <span class='ocrx_word' id='word_1_250' title='bbox 618 3597 704 3641; x_wconf 85' lang='lat' dir='ltr'>mers.</span> <span class='ocrx_word' id='word_1_251' title='bbox 741 3598 789 3631; x_wconf 81' lang='lat' dir='ltr'>ure</span> <span class='ocrx_word' id='word_1_252' title='bbox 803 3584 888 3632; x_wconf 81' lang='lat' dir='ltr'>verdi-</span> <span class='ocrx_word' id='word_1_253' title='bbox 977 3594 1030 3645; x_wconf 80' lang='lat'>107.</span> <span class='ocrx_word' id='word_1_254' title='bbox 1048 3582 1220 3631; x_wconf 70' lang='lat' dir='ltr'>hortaremur</span> <span class='ocrx_word' id='word_1_255' title='bbox 1251 3584 1294 3633; x_wconf 78' lang='lat' dir='ltr'>tlte</span> <span class='ocrx_word' id='word_1_256' title='bbox 1320 3582 1441 3632; x_wconf 73' lang='lat' dir='ltr'>soculled</span> 
     </span>
     <span class='ocr_line' id='line_1_31' title="bbox 381 3590 1441 3713; baseline 0 -16"><span class='ocrx_word' id='word_1_257' title='bbox 381 3649 456 3712; x_wconf 67' lang='lat' dir='ltr'>pir:</span> <span class='ocrx_word' id='word_1_258' title='bbox 485 3647 633 3713; x_wconf 72' lang='lat' dir='ltr'>comparing</span> <span class='ocrx_word' id='word_1_259' title='bbox 657 3590 758 3698; x_wconf 67' lang='lat' dir='ltr'>slsmler</span> <span class='ocrx_word' id='word_1_260' title='bbox 785 3655 889 3698; x_wconf 87' lang='lat' dir='ltr'>to&#39;rust</span> <span class='ocrx_word' id='word_1_261' title='bbox 940 3645 1353 3713; x_wconf 84' lang='lat' dir='ltr'>subjunctiveosrepeutedsction.</span> <span class='ocrx_word' id='word_1_262' title='bbox 1370 3647 1441 3697; x_wconf 84' lang='lat' dir='ltr'>Cice·</span> 
     </span>
     <span class='ocr_line' id='line_1_32' title="bbox 384 3712 1423 3778; baseline -0.001 -14"><span class='ocrx_word' id='word_1_263' title='bbox 384 3714 470 3778; x_wconf 82' lang='lat' dir='ltr'>esting</span> <span class='ocrx_word' id='word_1_264' title='bbox 486 3713 541 3764; x_wconf 90' lang='lat' dir='ltr'>iuto</span> <span class='ocrx_word' id='word_1_265' title='bbox 558 3713 659 3773; x_wconf 74' lang='grc' dir='ltr'>Ιιιοιιιο,</span> <span class='ocrx_word' id='word_1_266' title='bbox 674 3720 729 3772; x_wconf 71' lang='lat' dir='ltr'>etc,</span> <span class='ocrx_word' id='word_1_267' title='bbox 741 3713 825 3764; x_wconf 81' lang='lat' dir='ltr'>ulrich</span> <span class='ocrx_word' id='word_1_268' title='bbox 837 3721 889 3764; x_wconf 86' lang='lat' dir='ltr'>rust</span> <span class='ocrx_word' id='word_1_269' title='bbox 940 3729 969 3763; x_wconf 88' lang='lat' dir='ltr'>ro</span> <span class='ocrx_word' id='word_1_270' title='bbox 980 3713 1064 3763; x_wconf 84' lang='lat' dir='ltr'>would</span> <span class='ocrx_word' id='word_1_271' title='bbox 1075 3714 1140 3762; x_wconf 75' lang='lat' dir='ltr'>liare</span> <span class='ocrx_word' id='word_1_272' title='bbox 1152 3714 1213 3763; x_wconf 83' lang='lat' dir='ltr'>used</span> <span class='ocrx_word' id='word_1_273' title='bbox 1225 3713 1269 3763; x_wconf 85' lang='lat' dir='ltr'>tire</span> <span class='ocrx_word' id='word_1_274' title='bbox 1280 3712 1423 3764; x_wconf 77' lang='lat' dir='ltr'>iadicstive„</span> 
     </span>
     <span class='ocr_line' id='line_1_33' title="bbox 384 3777 1439 3846; baseline 0 -16"><span class='ocrx_word' id='word_1_275' title='bbox 384 3795 490 3846; x_wconf 73' lang='lat' dir='ltr'>sppcurs</span> <span class='ocrx_word' id='word_1_276' title='bbox 501 3787 528 3830; x_wconf 94' lang='lat' dir='ltr'>to</span> <span class='ocrx_word' id='word_1_277' title='bbox 539 3780 581 3830; x_wconf 88' lang='lat' dir='ltr'>do.</span> <span class='ocrx_word' id='word_1_278' title='bbox 610 3778 648 3830; x_wconf 84' lang='lat' dir='ltr'>Ci.</span> <span class='ocrx_word' id='word_1_279' title='bbox 661 3782 693 3830; x_wconf 67' lang='lat' dir='ltr'>m</span> <span class='ocrx_word' id='word_1_280' title='bbox 706 3779 733 3830; x_wconf 85' lang='grc' dir='ltr'>Ρ.</span> <span class='ocrx_word' id='word_1_281' title='bbox 746 3792 804 3844; x_wconf 80' lang='lat'><strong>³3⁰·</strong></span> <span class='ocrx_word' id='word_1_282' title='bbox 975 3777 1030 3829; x_wconf 80' lang='lat' dir='ltr'>rou.</span> <span class='ocrx_word' id='word_1_283' title='bbox 1046 3788 1199 3830; x_wconf 85' lang='lat' dir='ltr'>contentus</span> <span class='ocrx_word' id='word_1_284' title='bbox 1207 3794 1252 3840; x_wconf 86' lang='lat' dir='ltr'>eo,</span> <span class='ocrx_word' id='word_1_285' title='bbox 1260 3787 1320 3831; x_wconf 70' lang='lat' dir='ltr'>ete:</span> <span class='ocrx_word' id='word_1_286' title='bbox 1333 3781 1372 3831; x_wconf 71' lang='lat' dir='ltr'>ie.</span> <span class='ocrx_word' id='word_1_287' title='bbox 1380 3778 1439 3830; x_wconf 81' lang='lat' dir='ltr'>nith</span> 
     </span>
    </p>

    <p class='ocr_par' dir='ltr' id='par_1_20' title="bbox 383 3845 1440 4046">
     <span class='ocr_line' id='line_1_34' title="bbox 420 3845 1440 3916; baseline 0 -20"><span class='ocrx_word' id='word_1_288' title='bbox 420 3860 473 3897; x_wconf 77' lang='grc' dir='ltr'>ιω.</span> <span class='ocrx_word' id='word_1_289' title='bbox 491 3846 593 3907; x_wconf 88' lang='lat' dir='ltr'>snirno,</span> <span class='ocrx_word' id='word_1_290' title='bbox 605 3847 680 3916; x_wconf 79' lang='lat' dir='ltr'>frons</span> <span class='ocrx_word' id='word_1_291' title='bbox 704 3863 748 3912; x_wconf 83' lang='lat' dir='ltr'>my</span> <span class='ocrx_word' id='word_1_292' title='bbox 764 3846 888 3897; x_wconf 69' lang='lat' dir='ltr'>deart-</span> <span class='ocrx_word' id='word_1_293' title='bbox 939 3845 993 3895; x_wconf 87' lang='lat' dir='ltr'>tintt</span> <span class='ocrx_word' id='word_1_294' title='bbox 1004 3846 1068 3909; x_wconf 78' lang='lat' dir='ltr'>style</span> <span class='ocrx_word' id='word_1_295' title='bbox 1079 3845 1110 3896; x_wconf 85' lang='lat' dir='ltr'>oi</span> <span class='ocrx_word' id='word_1_296' title='bbox 1124 3845 1201 3910; x_wconf 75' lang='lat' dir='ltr'>living</span> <span class='ocrx_word' id='word_1_297' title='bbox 1214 3845 1295 3896; x_wconf 85' lang='lat' dir='ltr'>uhiclr</span> <span class='ocrx_word' id='word_1_298' title='bbox 1307 3862 1358 3896; x_wconf 79' lang='lat' dir='ltr'>sves</span> <span class='ocrx_word' id='word_1_299' title='bbox 1369 3846 1440 3896; x_wconf 74' lang='lat' dir='ltr'>uitli-</span> 
     </span>
     <span class='ocr_line' id='line_1_35' title="bbox 383 3912 1439 3993; baseline -0.001 -29"><span class='ocrx_word' id='word_1_300' title='bbox 383 3913 587 3993; x_wconf 76' lang='lat' dir='ltr'>pritts,todegr&#39;n</span> <span class='ocrx_word' id='word_1_301' title='bbox 603 3914 685 3965; x_wconf 73' lang='lat' dir='ltr'>wid:</span> <span class='ocrx_word' id='word_1_302' title='bbox 702 3922 747 3964; x_wconf 91' lang='lat' dir='ltr'>not</span> <span class='ocrx_word' id='word_1_303' title='bbox 757 3913 853 3979; x_wconf 73' lang='lat' dir='ltr'>having</span> <span class='ocrx_word' id='word_1_304' title='bbox 868 3914 887 3965; x_wconf 94' lang='lat' dir='ltr'>it</span> <span class='ocrx_word' id='word_1_305' title='bbox 938 3912 964 3963; x_wconf 94' lang='lat' dir='ltr'>in</span> <span class='ocrx_word' id='word_1_306' title='bbox 982 3914 1025 3963; x_wconf 84' lang='lat' dir='ltr'>the</span> <span class='ocrx_word' id='word_1_307' title='bbox 1042 3912 1141 3963; x_wconf 85' lang='lat' dir='ltr'>income</span> <span class='ocrx_word' id='word_1_308' title='bbox 1162 3915 1216 3963; x_wconf 82' lang='lat' dir='ltr'>tlrut</span> <span class='ocrx_word' id='word_1_309' title='bbox 1233 3912 1370 3968; x_wconf 49' lang='lat' dir='ltr'>huisther</span> <span class='ocrx_word' id='word_1_310' title='bbox 1389 3914 1439 3963; x_wconf 81' lang='lat' dir='ltr'>laad</span> 
     </span>
     <span class='ocr_line' id='line_1_36' title="bbox 383 3977 1440 4046; baseline -0.001 -16"><span class='ocrx_word' id='word_1_311' title='bbox 383 3994 410 4030; x_wconf 88' lang='grc' dir='ltr'>ιιι</span> <span class='ocrx_word' id='word_1_312' title='bbox 429 3980 470 4031; x_wconf 87' lang='lat' dir='ltr'>his</span> <span class='ocrx_word' id='word_1_313' title='bbox 488 3980 560 4031; x_wconf 77' lang='lat' dir='ltr'>heart</span> <span class='ocrx_word' id='word_1_314' title='bbox 580 3981 614 4032; x_wconf 86' lang='lat' dir='ltr'>be</span> <span class='ocrx_word' id='word_1_315' title='bbox 634 3979 713 4031; x_wconf 85' lang='lat' dir='ltr'>eouid</span> <span class='ocrx_word' id='word_1_316' title='bbox 737 3989 782 4031; x_wconf 91' lang='lat' dir='ltr'>not</span> <span class='ocrx_word' id='word_1_317' title='bbox 801 3987 847 4046; x_wconf 87' lang='lat' dir='ltr'>put</span> <span class='ocrx_word' id='word_1_318' title='bbox 867 3981 888 4030; x_wconf 95' lang='lat' dir='ltr'>it</span> <span class='ocrx_word' id='word_1_319' title='bbox 937 3979 983 4029; x_wconf 87' lang='lat' dir='ltr'>leit</span> <span class='ocrx_word' id='word_1_320' title='bbox 995 3978 1058 4040; x_wconf 69' lang='lat' dir='ltr'>liimr</span> <span class='ocrx_word' id='word_1_321' title='bbox 1080 3986 1125 4030; x_wconf 86' lang='lat' dir='ltr'>not</span> <span class='ocrx_word' id='word_1_322' title='bbox 1136 3979 1215 4043; x_wconf 78' lang='lat' dir='ltr'>living</span> <span class='ocrx_word' id='word_1_323' title='bbox 1231 3979 1257 4029; x_wconf 87' lang='lat' dir='ltr'>in</span> <span class='ocrx_word' id='word_1_324' title='bbox 1272 3979 1316 4029; x_wconf 82' lang='lat' dir='ltr'>tire</span> <span class='ocrx_word' id='word_1_325' title='bbox 1332 3980 1396 4041; x_wconf 75' lang='lat' dir='ltr'>style</span> <span class='ocrx_word' id='word_1_326' title='bbox 1412 3977 1440 4029; x_wconf 89' lang='lat' dir='ltr'>oi</span> 
     </span>
    </p>
   </div>
   <div class='ocr_carea' id='block_1_7' title="bbox 382 4045 1415 4163">
    <p class='ocr_par' dir='ltr' id='par_1_21' title="bbox 382 4045 1415 4163">
     <span class='ocr_line' id='line_1_37' title="bbox 382 4045 1415 4163; baseline -0.003 -66"><span class='ocrx_word' id='word_1_327' title='bbox 382 4047 458 4098; x_wconf 87' lang='lat' dir='ltr'>down</span> <span class='ocrx_word' id='word_1_328' title='bbox 474 4063 510 4099; x_wconf 88' lang='lat' dir='ltr'>ou</span> <span class='ocrx_word' id='word_1_329' title='bbox 526 4063 653 4115; x_wconf 72' lang='lat' dir='ltr'>pepen-</span> <span class='ocrx_word' id='word_1_330' title='bbox 661 4057 692 4099; x_wconf 90' lang='lat' dir='ltr'>ttt</span> <span class='ocrx_word' id='word_1_331' title='bbox 704 4047 729 4098; x_wconf 91' lang='lat' dir='ltr'>sl</span> <span class='ocrx_word' id='word_1_332' title='bbox 740 4046 818 4163; x_wconf 61' lang='lat' dir='ltr'>pulei,</span> <span class='ocrx_word' id='word_1_333' title='bbox 829 4054 886 4108; x_wconf 75' lang='lat' dir='ltr'>etc,</span> <span class='ocrx_word' id='word_1_334' title='bbox 937 4046 981 4097; x_wconf 82' lang='lat' dir='ltr'>tire</span> <span class='ocrx_word' id='word_1_335' title='bbox 992 4046 1157 4111; x_wconf 83' lang='lat' dir='ltr'>spendthriits</span> <span class='ocrx_word' id='word_1_336' title='bbox 1169 4045 1314 4096; x_wconf 83' lang='lat' dir='ltr'>mentioned</span> <span class='ocrx_word' id='word_1_337' title='bbox 1326 4046 1415 4096; x_wconf 84' lang='lat' dir='ltr'>belotr.</span> 
     </span>
    </p>
   </div>
   <div class='ocr_carea' id='block_1_8' title="bbox 381 4110 1439 4312">
    <p class='ocr_par' dir='ltr' id='par_1_22' title="bbox 381 4110 1439 4312">
     <span class='ocr_line' id='line_1_38' title="bbox 382 4110 1436 4181; baseline -0.001 -18"><span class='ocrx_word' id='word_1_338' title='bbox 382 4113 734 4181; x_wconf 74' lang='lat' dir='ltr'>artrulyerleae,ete,lit.</span> <span class='ocrx_word' id='word_1_339' title='bbox 769 4113 886 4179; x_wconf 83' lang='lat' dir='ltr'>promise,</span> <span class='ocrx_word' id='word_1_340' title='bbox 973 4125 1027 4164; x_wconf 88' lang='grc' dir='ltr'>ιιο.</span> <span class='ocrx_word' id='word_1_341' title='bbox 1045 4126 1183 4177; x_wconf 68' lang='lat' dir='ltr'>magnum</span> <span class='ocrx_word' id='word_1_342' title='bbox 1201 4110 1204 4116; x_wconf 85' lang='lat'>&#39;</span> <span class='ocrx_word' id='word_1_343' title='bbox 1223 4112 1436 4172; x_wconf 83' lang='lat' dir='ltr'>documentum,</span> 
     </span>
     <span class='ocr_line' id='line_1_39' title="bbox 381 4178 1439 4248; baseline -0.004 -16"><span class='ocrx_word' id='word_1_344' title='bbox 381 4180 563 4248; x_wconf 85' lang='lat' dir='ltr'>sstromise,</span> <span class='ocrx_word' id='word_1_345' title='bbox 576 4179 603 4231; x_wconf 87' lang='lat' dir='ltr'>in</span> <span class='ocrx_word' id='word_1_346' title='bbox 616 4179 697 4231; x_wconf 85' lang='lat' dir='ltr'>cssel</span> <span class='ocrx_word' id='word_1_347' title='bbox 713 4193 761 4229; x_wconf 84' lang='lat' dir='ltr'>esu</span> <span class='ocrx_word' id='word_1_348' title='bbox 776 4180 886 4246; x_wconf 88' lang='lat' dir='ltr'>promise</span> <span class='ocrx_word' id='word_1_349' title='bbox 936 4195 1023 4230; x_wconf 75' lang='lat' dir='ltr'>unser</span> <span class='ocrx_word' id='word_1_350' title='bbox 1050 4186 1081 4230; x_wconf 80' lang='lat' dir='ltr'>nt</span> <span class='ocrx_word' id='word_1_351' title='bbox 1089 4179 1232 4244; x_wconf 73' lang='lat' dir='ltr'>rmrning:</span> <span class='ocrx_word' id='word_1_352' title='bbox 1248 4178 1292 4229; x_wconf 82' lang='lat' dir='ltr'>tire</span> <span class='ocrx_word' id='word_1_353' title='bbox 1302 4178 1385 4229; x_wconf 79' lang='lat' dir='ltr'>words</span> <span class='ocrx_word' id='word_1_354' title='bbox 1395 4193 1439 4228; x_wconf 89' lang='lat' dir='ltr'>sre</span> 
     </span>
     <span class='ocr_line' id='line_1_40' title="bbox 936 4243 1438 4312; baseline -0.004 -16"><span class='ocrx_word' id='word_1_355' title='bbox 936 4244 963 4296; x_wconf 88' lang='lat' dir='ltr'>in</span> <span class='ocrx_word' id='word_1_356' title='bbox 982 4261 999 4296; x_wconf 86' lang='lat' dir='ltr'>s</span> <span class='ocrx_word' id='word_1_357' title='bbox 1037 4246 1081 4296; x_wconf 90' lang='lat' dir='ltr'>ind</span> <span class='ocrx_word' id='word_1_358' title='bbox 1100 4244 1131 4295; x_wconf 84' lang='lat' dir='ltr'>oi</span> <span class='ocrx_word' id='word_1_359' title='bbox 1150 4243 1294 4312; x_wconf 80' lang='lat' dir='ltr'>epposition</span> <span class='ocrx_word' id='word_1_360' title='bbox 1314 4243 1375 4294; x_wconf 81' lang='lat' dir='ltr'>uitis</span> <span class='ocrx_word' id='word_1_361' title='bbox 1395 4244 1438 4294; x_wconf 83' lang='lat' dir='ltr'>the</span> 
     </span>
    </p>
   </div>
   <div class='ocr_carea' id='block_1_9' title="bbox 320 4244 1434 4398">
    <p class='ocr_par' dir='ltr' id='par_1_23' title="bbox 320 4244 1434 4398">
     <span class='ocr_line' id='line_1_41' title="bbox 380 4244 1126 4325; baseline 0.008 -26"><span class='ocrx_word' id='word_1_362' title='bbox 380 4248 498 4314; x_wconf 78' lang='lat' dir='ltr'>saytlria</span> <span class='ocrx_word' id='word_1_363' title='bbox 529 4244 610 4313; x_wconf 87' lang='lat' dir='ltr'>(else)</span> <span class='ocrx_word' id='word_1_364' title='bbox 625 4245 697 4325; x_wconf 78' lang='lat' dir='ltr'>trul.</span> <span class='ocrx_word' id='word_1_365' title='bbox 1030 4313 1036 4325; x_wconf 43' lang='lat'><strong>·</strong></span> <span class='ocrx_word' id='word_1_366' title='bbox 1124 4315 1126 4320; x_wconf 68' lang='lat'>,</span> 
     </span>
     <span class='ocr_line' id='line_1_42' title="bbox 320 4262 1434 4398; baseline 0 -34"><span class='ocrx_word' id='word_1_367' title='bbox 320 4394 322 4398; x_wconf 13' lang='lat' dir='ltr'>y</span> <span class='ocrx_word' id='word_1_368' title='bbox 372 4327 472 4398; x_wconf 44' lang='lat' dir='ltr'>frop</span> <span class='ocrx_word' id='word_1_369' title='bbox 489 4262 885 4381; x_wconf 61' lang='lat' dir='ltr'>ilbertusmtlroomrudfree·</span> <span class='ocrx_word' id='word_1_370' title='bbox 935 4312 1073 4379; x_wconf 75' lang='lat' dir='ltr'>preceding</span> <span class='ocrx_word' id='word_1_371' title='bbox 1084 4311 1188 4362; x_wconf 73' lang='lat' dir='ltr'>clauses</span> <span class='ocrx_word' id='word_1_372' title='bbox 1220 4311 1434 4376; x_wconf 63' lang='lat' dir='ltr'>mustum.</span> 
     </span>
    </p>
   </div>
   <div class='ocr_carea' id='block_1_10' title="bbox 0 0 1610 4984">
    <p class='ocr_par' dir='ltr' id='par_1_24' title="bbox 0 0 1610 4984">
     <span class='ocr_line' id='line_1_43' title="bbox 0 0 1610 4984; baseline 0 7"><span class='ocrx_word' id='word_1_373' title='bbox 0 0 1610 4984; x_wconf 95' lang='lat' dir='ltr'> </span> 
     </span>
    </p>
   </div>
  </div>
 </body>
</html>
