3209 4984
411 427 461 479 roa
762 427 898 478 nomn
921 406 1116 483 sanuouue
1343 425 1454 489 [unu

412 590 469 673 qui
483 589 710 655 Veientanum
730 590 828 654 lestis
844 599 959 673 potare
974 590 1093 653 diebus

413 691 584 774 Campana
600 693 718 756 solitus
734 692 834 756 trulla
848 712 1056 777 vappamque
1072 692 1239 776 profestis,

411 798 579 878 quondam
595 795 747 878 lethargo
762 795 881 877 grandi
897 805 949 859 est
966 814 1156 877 oppressus,
1173 805 1210 858 ut
1228 796 1325 858 heres
1418 817 1455 864 ης

412 899 477 965 iam
494 899 617 964 circum
634 897 760 962 loculos
776 909 810 962 et
827 898 928 963 clavis
944 898 1051 962 laetus
1068 917 1238 981 ovansque

412 1014 566 1068 curreret.
616 1004 719 1067 Hunc
735 1002 884 1067 medicus
901 1002 1042 1066 multum
1059 1001 1148 1066 celer
1162 1013 1263 1085 atque
1279 1000 1385 1065 fidelis

411 1108 533 1172 excitat
550 1108 614 1172 hoc
629 1117 747 1190 pacto:
771 1126 921 1170 mensam
941 1106 1020 1189 poni
1037 1106 1129 1170 iubet
1144 1115 1246 1189 atque

324 1278 328 1285 ,
411 1207 538 1275 effundi
554 1230 670 1274 saccos
686 1230 908 1285 nummorum,
925 1210 1084 1273 accedere
1099 1208 1204 1291 pluris
1285 1256 1287 1259 ·

410 1316 450 1379 ad
469 1315 709 1378 numerandum
723 1335 730 1390 ;
746 1312 916 1377 hominem
930 1313 978 1377 sic
990 1312 1098 1396 erigit.
1135 1312 1242 1389 Addit
1255 1321 1290 1375 et
1302 1311 1391 1387 illud,
1418 1336 1456 1384 15⁰

413 1419 475 1481 ‘Ni
492 1430 550 1481 tua
565 1418 723 1492 custodis,
741 1418 858 1480 avidus
874 1417 939 1479 iam
956 1417 1039 1481 haec
1055 1414 1183 1480 auferet
1201 1415 1318 1479 heres’
1351 1477 1356 1486 ,

412 1519 521 1583 ‘Men'
536 1519 611 1582 vivo
622 1519 651 1581 i’
692 1519 880 1595 ‘Vt,vivas,
898 1518 1007 1601 igitur,
1024 1518 1134 1600 vigila,
1151 1518 1215 1581 hoc
1230 1517 1310 1599 age’
1352 1516 1456 1599 ‘Quid

496 1620 589 1685 visl'

411 1724 598 1790 ‘Deficient
615 1723 747 1807 inopem
765 1743 871 1787 venae
886 1731 930 1800 te,
948 1723 982 1787 ni
999 1723 1094 1788 cibus
1110 1733 1211 1806 atque
1248 1748 1250 1751 ·

409 1829 528 1912 ingens
544 1829 672 1893 accedit
689 1830 862 1892 stomacho
878 1827 1004 1892 fultura
1019 1827 1137 1897 ruenti.

408 1933 462 1998 Tu
479 1953 590 1998 cessas
602 1933 623 1997 l.
648 1933 818 2015 Agedum,
832 1952 926 1997 sume
939 1933 1002 1997 hoc
1015 1931 1231 2016 ptisanarium
1244 1929 1383 2017 oryzae!
1418 1956 1457 2004 ¹5⁵

410 2037 555 2122 ‘Quanti
572 2036 748 2120 emptael’
796 2035 939 2102 ‘Parvo'
989 2036 1143 2121 ‘Quanti
1160 2034 1281 2119 ergol’
1322 2033 1457 2099 ‘Octus

423 2176 431 2198 2
496 2138 607 2202 sibus.⁸
656 2139 792 2202 ‘Eheul
1236 2214 1238 2219 ι

407 2241 486 2322 quid
503 2240 614 2315 refert,
632 2240 748 2302 morbo
764 2259 806 2300 an
823 2238 922 2302 furtis
939 2259 1139 2321 pereamque
1155 2236 1323 2319 rapinisl'

452 2410 616 2493 Quisnam
641 2410 743 2493 igitur
758 2410 885 2473 sanus?
931 2409 998 2494 Qui
1015 2430 1082 2473 non
1100 2410 1232 2473 stultus.
1281 2407 1371 2489 Quid
1387 2427 1458 2471 ava·

468 2514 575 2577 rus?

409 2616 541 2682 Stultus
556 2627 591 2681 et
607 2616 753 2682 insanus.
802 2618 903 2699 Quid,
921 2618 949 2681 si
966 2617 1040 2701 quis
1056 2638 1123 2682 non
1140 2617 1183 2681 sit
1199 2635 1327 2691 avarus,

407 2721 567 2786 continuo
584 2721 709 2785 sanus?
755 2721 904 2785 Minime.
952 2722 1030 2798 Cur,
1050 2720 1188 2787 Stoice?
1233 2720 1361 2784 Dicam.
1419 2735 1460 2781 ιω

443 2869 497 2920 143.
514 2857 907 2922 Veientanum,acheapwine.
959 2865 1099 2922 represents
1122 2856 1291 2921 Damasippus
1312 2871 1340 2905 aa
1362 2855 1385 2905 ii
1404 2871 1459 2933 per·

443 2934 497 2984 144.
510 2924 663 2986 Campana,
671 2938 787 2971 common
796 2923 908 2971 carthan·
958 2924 1053 2973 suaded
1076 2922 1109 2986 by
1126 2922 1196 2971 these
1213 2920 1346 2985 example,
1359 2920 1459 2997 taking.

407 3003 481 3037 ware.
514 2987 552 3036 ct.
566 2988 586 3036 1.
598 2985 691 3037 6.118.
958 2988 1058 3047 “Who,
1078 2987 1186 3047 themis
1208 2987 1308 3035 sane?”
1325 2986 1370 3034 but
1387 2985 1421 3034 he
1438 3001 1459 3034 rs

444 3064 497 3118 145.
515 3053 606 3112 heres,
624 3060 687 3102 etc:
713 3053 752 3103 ἐκ.
766 3052 908 3118 expecting
958 3053 1033 3115 really
1047 3053 1172 3118 speaking
1188 3050 1358 3111 himsell,aod
1374 3051 1397 3100 is
1414 3059 1457 3100 not

408 3120 451 3168 the
463 3134 520 3168 man
534 3127 559 3168 to
572 3119 614 3168 die
626 3126 652 3167 at
663 3134 734 3168 once.
958 3118 1051 3169 carelul
1062 3118 1093 3168 oi
1104 3119 1146 3169 the
1158 3117 1279 3167 dramatic
1290 3116 1361 3167 form.
1369 3117 1459 3181 -qul

443 3184 497 3247 146.
514 3184 737 3252 loculoa,coffers.
847 3221 853 3232 .
958 3200 1017 3236 uon
1029 3185 1149 3235 stultus:
1169 3185 1212 3235 the
1223 3183 1320 3234 natural
1334 3182 1405 3233 Stoic
1416 3200 1458 3233 au·

442 3248 497 3312 148.
514 3252 570 3300 hoe
591 3260 689 3315 paeto:
711 3252 741 3300 in
758 3251 798 3299 the
807 3252 907 3317 strumo
957 3267 1028 3310 swer,
1037 3250 1075 3300 lor
1087 3251 1223 3313 according
1234 3257 1260 3299 to
1273 3250 1326 3299 that
1337 3250 1458 3306 doctrine.

407 3317 420 3365 ι’
472 3332 593 3376 manner,
611 3318 650 3366 de.
667 3317 700 3380 by
717 3332 803 3365 means
820 3316 850 3366 ol
868 3317 908 3366 his
958 3317 1001 3365 the
1012 3333 1039 3365 sa
1058 3317 1114 3365 iens
1125 3316 1147 3366 ia
1158 3316 1201 3365 the
1212 3315 1271 3379 only
1315 3314 1377 3364 riect
1392 3331 1458 3374 man,

407 3381 491 3444 tuing
502 3382 612 3446 passion.
772 3398 773 3402 ¹
958 3383 1008 3431 and
1081 3381 1167 3431 others
1188 3397 1230 3431 are
1253 3381 1285 3430 ali
1305 3396 1319 3430 e
1338 3382 1458 3430 stulti.-

443 3459 497 3510 ¹50·
514 3448 550 3496 ad
562 3447 783 3496 numerandum:
803 3446 868 3495 asli
882 3454 908 3496 to
958 3447 1027 3510 quid
1045 3461 1148 3496 avarus
1165 3446 1210 3511 (sc.
1228 3445 1302 3508 eat):
1321 3461 1337 3495 a
1354 3446 1458 3522 recapit·

407 3510 492 3559 divide
510 3510 552 3559 the
569 3517 655 3569 estate,
672 3510 834 3573 consideriug
855 3509 908 3560 him
959 3511 1053 3560 ulatlon
1071 3511 1102 3560 oi
1116 3512 1158 3560 the
1169 3512 1308 3576 preceding
1317 3510 1457 3574 exposition
1482 3559 1484 3563 .

407 3572 592 3637 already'dead.
958 3576 985 3624 in
1002 3591 1017 3624 a
1034 3575 1123 3625 formal
1146 3577 1232 3640 shape,
1250 3584 1276 3624 to
1298 3589 1404 3639 prepare
1421 3573 1458 3622 lor

443 3650 496 3703 152.
514 3641 570 3689 hoc
581 3638 863 3702 agedookaliveriow.
959 3640 1001 3689 the
1013 3647 1070 3689 turn
1081 3640 1108 3689 in
1120 3641 1146 3690 al
1161 3642 1226 3705 quia
1244 3654 1311 3698 non,
1323 3647 1371 3688 etc.
1403 3639 1458 3687 The

442 3715 497 3767 157.
514 3704 596 3753 furtis
605 3718 776 3768 pereamque
784 3704 905 3768 rapinis:
957 3704 1039 3754 whole
1061 3704 1091 3754 ol
1115 3705 1164 3754 this
1187 3704 1326 3754 discussion
1354 3704 1381 3753 in
1409 3702 1458 3752 dis·

408 3768 448 3819 ie.
460 3769 502 3817 the
513 3768 672 3832 enormoualy
687 3785 716 3818 ex
736 3770 822 3819 ensive
838 3770 907 3819 med·
955 3769 1053 3834 jointed
1076 3771 1204 3835 questions
1226 3770 1248 3819 is
1270 3769 1296 3819 in
1319 3769 1362 3818 the
1389 3769 1457 3819 Stoic

407 3833 473 3885 icine
484 3835 599 3899 required
612 3841 637 3884 to
649 3851 707 3883 cure
717 3786 778 3884 iiim.
957 3835 1020 3900 style
1031 3835 1061 3885 ol
1069 3844 1207 3898 argument.

443 3898 496 3969 158.
516 3901 651 3964 quianam
675 3915 779 3950 eanum
805 3900 907 3953 Horace
993 3900 1047 3954 160.
1064 3902 1336 3961 condomanam:
1349 3900 1459 3954 taum
