3209 4984
400 821 433 873 ιε
746 818 884 871 norum
906 819 1102 878 senatores
1348 822 1450 891 [mu

400 983 458 1067 qui
472 982 617 1068 patrium
635 982 756 1047 mimae
771 982 875 1047 donat
890 980 1099 1068 fundumque
1114 983 1294 1070 laremque,

399 1082 474 1147 ‘Nil
486 1083 588 1148 luerit
600 1081 668 1161 mi,'
685 1084 802 1169 inquit,
823 1093 915 1149 ‘cum
932 1086 1090 1151 uxoribus
1106 1108 1252 1172 unquam
1269 1089 1410 1155 alienis?

399 1187 526 1252 Verum
543 1199 595 1252 est
611 1209 687 1253 cum
704 1188 825 1265 mimis,
841 1200 894 1254 est
910 1208 986 1254 cum
1003 1191 1247 1269 meretricibus,
1263 1192 1354 1258 unde

399 1290 489 1354 fama
504 1291 626 1354 malum
644 1293 778 1375 gravius
794 1312 893 1375 quam
910 1312 964 1357 res
979 1294 1091 1359 trahit.
1137 1292 1197 1357 An
1213 1295 1273 1359 tibi
1289 1296 1422 1361 abunde

399 1413 578 1477 personam
594 1393 677 1462 satis
692 1403 754 1470 est,
773 1414 840 1457 non
856 1395 947 1470 illud,
964 1396 1123 1480 quidquid
1140 1397 1262 1480 ubique
1424 1415 1454 1462 ⁶0

399 1496 513 1571 officit,
531 1494 680 1559 evitare?
726 1496 854 1559 Bonam
871 1497 1055 1579 deperdere
1071 1499 1205 1574 lamam,

400 1618 468 1661 rem
486 1598 592 1681 patris
607 1598 776 1674 oblimare,
795 1598 918 1662 malum
935 1609 987 1664 est
1004 1600 1202 1685 ubicunque.
1248 1603 1339 1685 Quid
1355 1604 1447 1669 inter·

400 1711 452 1764 est
470 1702 504 1764 in
521 1710 682 1776 matrona,
699 1701 819 1765 ancilla
835 1722 1000 1784 peccesne
1017 1705 1155 1788 togata?

400 1803 522 1867 Villius
539 1804 573 1866 in
591 1804 716 1867 Fausta
733 1803 846 1869 Sullae
861 1825 974 1887 gener,
993 1807 1057 1871 hoc
1073 1808 1175 1872 miser
1190 1829 1257 1871 uno

400 1906 535 1969 nomine
550 1906 721 1987 deceptus,
738 1926 863 1987 poenas
880 1908 970 1971 dedit
988 1928 1093 1991 usque
1109 1928 1274 1993 superque
1423 1933 1449 1992 ⁵⁵

399 2027 498 2091 quam
516 2008 598 2072 satis
614 2019 677 2083 est,
694 2010 816 2091 pugnis
833 1996 951 2074 caesus
966 2008 1121 2093 ferroque
1137 2013 1272 2095 petitus,
1392 2034 1412 2098 q

399 2111 554 2176 exclusus
569 2110 651 2188 lore,
668 2131 744 2175 cum
764 2112 983 2196 Longarenus
998 2111 1084 2178 foret
1101 2114 1210 2181 intus

401 2215 491 2279 Huic
507 2214 535 2279 si
552 2215 700 2279 mutonis
716 2216 826 2280 verbis
844 2217 930 2281 mala
945 2227 1040 2283 tanta
1055 2219 1201 2283 videntis

398 2320 523 2386 diceret
540 2321 623 2385 haec
638 2320 770 2384 animus
787 2320 895 2405 ‘Quid
911 2321 961 2386 vis
976 2322 1060 2387 tibi?
1085 2323 1256 2409 Numquid
1272 2344 1335 2409 ego
1350 2346 1371 2391 a
1386 2336 1422 2392 te

398 2445 520 2509 magno
536 2434 737 2508 prognatum
753 2426 899 2508 deposco
915 2428 1052 2510 consule
1069 2449 1217 2494 cunnum
1421 2461 1453 2506 70

397 2528 610 2610 velatumque
626 2528 722 2602 stola,
741 2549 815 2592 mea
831 2548 906 2593 cum
923 2530 1111 2594 conferbuit
1128 2531 1216 2596 iral‘

397 2630 476 2713 quid
493 2630 735 2711 responderet?
774 2630 920 2712 ‘Magno
934 2641 1030 2713 patre
1046 2642 1125 2695 nata
1140 2632 1249 2714 puella
1264 2631 1338 2697 est.¹

396 2730 448 2796 At
463 2742 590 2815 quanto
606 2730 742 2794 meliora
758 2741 871 2794 monet
888 2732 1137 2814 pugnantiaque
1153 2733 1229 2797 istis

396 2835 491 2899 dives
507 2834 579 2916 opis
596 2843 715 2898 natura
731 2854 820 2910 suae,
838 2843 874 2897 tu
891 2835 919 2898 si
936 2836 1035 2899 modo
1052 2846 1143 2899 recte

430 3007 470 3061 57.
488 2993 724 3057 luerltrhortatory
733 2993 898 3056 subjunctive.
982 2993 1022 3060 65.
1051 2995 1184 3044 nominer
1220 2996 1260 3046 ἐκ.
1288 2996 1388 3055 Fausta,
1417 2997 1449 3060 hy

430 3072 468 3137 59.
487 3074 541 3119 ree,
549 3066 679 3171 ζορινὲγ,
689 3058 763 3120 really
777 3060 820 3107 the
830 3074 899 3107 same
949 3059 1030 3109 which
1041 3060 1086 3109 her
1095 3060 1170 3109 noble
1180 3060 1246 3110 hirtb
1254 3076 1304 3110 was
1313 3061 1448 3112 indicnted.

395 3141 423 3174 es
434 3140 460 3173 m
472 3140 496 3173 v.
507 3137 546 3188 50,
575 3131 602 3173 ut
613 3124 640 3172 di
658 3123 753 3186 erently
766 3124 897 3187 expressed
981 3123 1021 3189 ⁶7·
1038 3125 1097 3178 lore
1107 3142 1113 3172 ι
1123 3125 1172 3173 abl.
1180 3124 1290 3175 ollone.
1300 3150 1329 3161 -
1337 3127 1449 3190 Longa·

395 3190 422 3239 ln
435 3189 548 3251 English.
948 3203 1042 3249 renue,
1052 3189 1158 3238 another
1170 3189 1239 3239 lover
1249 3190 1280 3240 ol
1288 3191 1330 3239 the
1342 3206 1448 3240 women.

428 3254 468 3302 ⁶0.
487 3267 649 3316 personam,
678 3254 718 3301 the
744 3254 897 3316 particular
980 3252 1020 3302 68.
1038 3255 1142 3313 verbis,
1159 3270 1192 3302 on
1209 3255 1299 3321 behals
1310 3255 1343 3320 a),
1360 3270 1388 3303 as
1407 3256 1448 3304 the

394 3318 525 3366 character
546 3316 619 3378 (here
640 3316 854 3378 matronarum),
868 3332 896 3365 as
945 3317 1446 3431 molesmum-Vltimus,ieeufl'ering.

394 3381 508 3445 opposed
521 3388 547 3428 to
561 3380 603 3428 the
616 3380 719 3428 ruinous
731 3381 785 3428 vice
797 3381 823 3428 in
835 3395 895 3442 gen·
979 3379 1019 3441 69.
1031 3381 1143 3440 diceret,
1151 3382 1316 3440 bedsaidcl.
1324 3391 1383 3431 note
1391 3391 1416 3431 to
1439 3420 1446 3433 .

394 3446 452 3504 ernl,
466 3445 599 3509 expresscd
612 3445 637 3493 in
651 3444 729 3502 illud,
741 3453 788 3493 etcr
946 3456 969 3507 3.
982 3446 1176 3510 5.·-ttnlrttue,
1189 3449 1228 3496 is.
1241 3447 1281 3496 his
1351 3448 1415 3497 lons.

334 3515 337 3521 ’
426 3509 466 3558 ⁶2.
485 3509 668 3572 ublcumque,
682 3510 711 3557 in
730 3509 895 3572 arrycase,in
980 3522 1019 3572 7¹·
1036 3510 1125 3561 stole:
1142 3526 1211 3560 worn
1223 3512 1283 3575 only
1312 3520 1445 3576 yreepect-

393 3576 482 3637 regard
500 3583 526 3622 to
545 3590 593 3637 nny
611 3573 641 3623 ol
657 3573 700 3623 the
718 3573 810 3622 classes
826 3590 895 3623 men·
945 3574 1001 3686 abl6e
1013 3584 1133 3635 metrone,
1145 3575 1177 3625 cl.
1189 3592 1212 3625 v.
1226 3589 1265 3638 29,
1278 3578 1328 3626 end
1341 3586 1445 3640 togate,

393 3638 487 3688 tioned.
945 3654 968 3687 ν.
1015 3676 1021 3688 .

425 3702 465 3766 ⁶3.
485 3712 598 3766 togatas
631 3703 673 3752 the
697 3711 756 3765 toga
780 3717 830 3751 was
853 3702 896 3752 the
980 3651 1018 3767 7}-
1036 3713 1080 3754 et:
1106 3706 1232 3769 opposing
1254 3706 1297 3755 the
1317 3705 1446 3769 following

392 3784 522 3832 necessary
535 3771 604 3818 dress
622 3768 652 3817 ol
665 3768 699 3817 nli
714 3768 776 3817 such
788 3784 895 3827 women,
946 3777 972 3817 to
982 3769 1025 3818 the
1034 3770 1141 3832 thought
1151 3771 1287 3820 contained
1296 3772 1322 3820 iu
1331 3786 1444 3836 magno,

391 3849 420 3882 es
442 3834 485 3883 the
512 3835 586 3884 stols
615 3833 645 3882 ol
671 3834 714 3884 the
742 3834 895 3899 respectable
946 3842 1033 3884 etc.—
1060 3836 1205 3899 uguentie,
1223 3837 1317 3901 retterly
1330 3845 1359 3886 at
1374 3840 1444 3887 vari-

391 3908 489 3949 metron
505 3898 550 3977 (cl.
564 3915 586 3949 r.
601 3899 655 3964 7¹)·
944 3917 1014 3960 once,
1022 3851 1059 3951 cl
1063 3902 1084 3951 1.
1093 3914 1115 3950 ι.
1124 3916 1211 3952 ποι-
1218 3903 1297 3953 letior
1311 3904 1355 3953 the
1363 3905 1445 3954 dative

423 3963 463 4027 64
482 3965 595 4023 thllue,
607 3966 727 4031 probably
741 3966 831 4016 Sextus
843 3966 894 4015 Vil·
945 3967 1042 4016 instead
1054 3968 1084 4017 ol
1093 3983 1168 4029 cum,
1181 3970 1207 4019 in
1219 3972 1373 4020 nccordnnoe
1384 3971 1444 4020 with

390 4029 439 4080 llns
455 4031 569 4090 Annalis,
590 4047 606 4080 e
624 4031 705 4081 friend
723 4031 753 4080 ol
771 4032 843 4092 Milo,
861 4033 893 4083 cl,
945 4033 987 4082 the
1006 4034 1090 4084 Greek
1112 4035 1176 4099 (and
1200 4037 1309 4102 perhaps
1328 4037 1382 4087 alto
1402 4038 1445 4088 the

389 4095 442 4146 Ge.
460 4097 498 4145 ad
514 4098 587 4146 Fam.
600 4096 635 4146 11.
647 4097 671 4146 6.
687 4098 793 4156 t.·-ln,
807 4100 837 4146 ἐκ
855 4100 894 4147 the
943 4098 1063 4164 popular)
1079 4115 1163 4163 usage,
1175 4101 1207 4152 cl.
1220 4101 1329 4165 1448.

389 4179 444 4277 τῶι
454 4162 487 4228 ofi
499 4178 527 4277 pis
538 4162 662 4276 ‹lenenht-
670 4164 786 4276 Ffrugffi
797 4162 855 4212 wile
866 4162 896 4212 ol
977 4178 1016 4228 74.
1034 4165 1115 4215 dives
1126 4168 1190 4244 opis
1202 4181 1281 4281 susp,
1292 4169 1346 4217 rich
1359 4167 1446 4282 inle'r

390 4243 455 4344 „0¹23
470 4241 701 4371 ‘dendritis
788 4264 793 4276 ·
842 4242 892 4291 ‘⁸'
942 4245 1444 4359 td;“t2'“:;ttlt.3tt.?’tz

1288 4453 1326 4503 ‘N
