<?xml version="1.0" encoding="UTF-8"?>
<!DOCTYPE html PUBLIC "-//W3C//DTD XHTML 1.0 Transitional//EN"
    "http://www.w3.org/TR/xhtml1/DTD/xhtml1-transitional.dtd">
<html xmlns="http://www.w3.org/1999/xhtml" xml:lang="en" lang="en">
 <head>
  <title>
</title>
<meta http-equiv="Content-Type" content="text/html;charset=utf-8" />
  <meta name='ocr-system' content='tesseract 3.04.00' />
  <meta name='ocr-capabilities' content='ocr_page ocr_carea ocr_par ocr_line ocrx_word'/>
</head>
<body>
  <div class='ocr_page' id='page_1' title='image "./odesandepodesho08horagoog_0779.png"; bbox 0 0 3209 4984; ppageno 0'>
   <div class='ocr_carea' id='block_1_1' title="bbox 177 873 1231 941">
    <p class='ocr_par' dir='ltr' id='par_1_1' title="bbox 177 873 1231 941">
     <span class='ocr_line' id='line_1_1' title="bbox 177 873 1231 941; baseline -0.002 -15"><span class='ocrx_word' id='word_1_1' title='bbox 177 887 206 926; x_wconf 91' lang='grc' dir='ltr'>ιι.</span> <span class='ocrx_word' id='word_1_2' title='bbox 221 875 323 941; x_wconf 62' lang='lat' dir='ltr'>ruo]</span> <span class='ocrx_word' id='word_1_3' title='bbox 525 875 661 927; x_wconf 79' lang='lat' dir='ltr'>HORATI</span> <span class='ocrx_word' id='word_1_4' title='bbox 685 875 884 926; x_wconf 72' lang='lat' dir='ltr'><strong>EPISTVLAE</strong></span> <span class='ocrx_word' id='word_1_5' title='bbox 1184 873 1231 924; x_wconf 79' lang='lat'>261</span> 
     </span>
    </p>
   </div>
   <div class='ocr_carea' id='block_1_2' title="bbox 178 1035 1269 2768">
    <p class='ocr_par' dir='ltr' id='par_1_2' title="bbox 178 1035 1234 1309">
     <span class='ocr_line' id='line_1_2' title="bbox 178 1035 1193 1120; baseline -0.002 -19"><span class='ocrx_word' id='word_1_6' title='bbox 178 1037 207 1102; x_wconf 89' lang='lat' dir='ltr'>si</span> <span class='ocrx_word' id='word_1_7' title='bbox 222 1046 335 1101; x_wconf 89' lang='lat' dir='ltr'>tamen</span> <span class='ocrx_word' id='word_1_8' title='bbox 351 1038 556 1119; x_wconf 83' lang='lat' dir='ltr'>attemptas?</span> <span class='ocrx_word' id='word_1_9' title='bbox 602 1036 763 1120; x_wconf 86' lang='lat' dir='ltr'>Quereris</span> <span class='ocrx_word' id='word_1_10' title='bbox 779 1057 881 1119; x_wconf 86' lang='lat' dir='ltr'>super</span> <span class='ocrx_word' id='word_1_11' title='bbox 897 1037 960 1101; x_wconf 90' lang='lat' dir='ltr'>hoc</span> <span class='ocrx_word' id='word_1_12' title='bbox 977 1036 1088 1113; x_wconf 91' lang='lat' dir='ltr'>etiam,</span> <span class='ocrx_word' id='word_1_13' title='bbox 1105 1035 1193 1120; x_wconf 93' lang='lat' dir='ltr'>quod</span> 
     </span>
     <span class='ocr_line' id='line_1_3' title="bbox 178 1139 1234 1223; baseline 0.001 -19"><span class='ocrx_word' id='word_1_14' title='bbox 178 1148 371 1223; x_wconf 83' lang='lat' dir='ltr'>exspectata</span> <span class='ocrx_word' id='word_1_15' title='bbox 385 1139 446 1203; x_wconf 92' lang='lat' dir='ltr'>tibi</span> <span class='ocrx_word' id='word_1_16' title='bbox 463 1160 529 1204; x_wconf 92' lang='lat' dir='ltr'>non</span> <span class='ocrx_word' id='word_1_17' title='bbox 546 1139 678 1204; x_wconf 88' lang='lat' dir='ltr'>mittam</span> <span class='ocrx_word' id='word_1_18' title='bbox 694 1139 843 1203; x_wconf 89' lang='lat' dir='ltr'>carmina</span> <span class='ocrx_word' id='word_1_19' title='bbox 858 1141 1007 1205; x_wconf 71' lang='lat' dir='ltr'>mendara</span> <span class='ocrx_word' id='word_1_20' title='bbox 1205 1165 1234 1214; x_wconf 72' lang='grc' dir='ltr'>ος</span> 
     </span>
     <span class='ocr_line' id='line_1_4' title="bbox 180 1242 849 1309; baseline 0 -2"><span class='ocrx_word' id='word_1_21' title='bbox 180 1242 311 1308; x_wconf 84' lang='lat' dir='ltr'>Luculli</span> <span class='ocrx_word' id='word_1_22' title='bbox 327 1243 423 1307; x_wconf 88' lang='lat' dir='ltr'>miles</span> <span class='ocrx_word' id='word_1_23' title='bbox 439 1243 580 1309; x_wconf 86' lang='lat' dir='ltr'>collecta</span> <span class='ocrx_word' id='word_1_24' title='bbox 595 1242 717 1307; x_wconf 85' lang='lat' dir='ltr'>viatica</span> <span class='ocrx_word' id='word_1_25' title='bbox 733 1243 849 1307; x_wconf 88' lang='lat' dir='ltr'>multis</span> 
     </span>
    </p>

    <p class='ocr_par' dir='ltr' id='par_1_3' title="bbox 178 1346 1023 1421">
     <span class='ocr_line' id='line_1_5' title="bbox 178 1346 1023 1421; baseline -0.001 -11"><span class='ocrx_word' id='word_1_26' title='bbox 178 1346 356 1421; x_wconf 90' lang='lat' dir='ltr'>aerumnis,</span> <span class='ocrx_word' id='word_1_27' title='bbox 373 1346 482 1411; x_wconf 90' lang='lat' dir='ltr'>lassus</span> <span class='ocrx_word' id='word_1_28' title='bbox 497 1347 577 1410; x_wconf 92' lang='lat' dir='ltr'>dum</span> <span class='ocrx_word' id='word_1_29' title='bbox 594 1353 697 1410; x_wconf 94' lang='lat' dir='ltr'>noctu</span> <span class='ocrx_word' id='word_1_30' title='bbox 714 1346 837 1421; x_wconf 91' lang='lat' dir='ltr'>stertit,</span> <span class='ocrx_word' id='word_1_31' title='bbox 855 1347 897 1409; x_wconf 91' lang='lat' dir='ltr'>ad</span> <span class='ocrx_word' id='word_1_32' title='bbox 913 1367 1023 1411; x_wconf 88' lang='lat' dir='ltr'>assem</span> 
     </span>
    </p>

    <p class='ocr_par' dir='ltr' id='par_1_4' title="bbox 178 1448 1149 1634">
     <span class='ocr_line' id='line_1_6' title="bbox 178 1448 1149 1532; baseline -0.002 -20"><span class='ocrx_word' id='word_1_33' title='bbox 178 1448 365 1532; x_wconf 84' lang='lat' dir='ltr'>perdiderat</span> <span class='ocrx_word' id='word_1_34' title='bbox 376 1457 468 1531; x_wconf 91' lang='lat' dir='ltr'>;post</span> <span class='ocrx_word' id='word_1_35' title='bbox 485 1448 549 1513; x_wconf 89' lang='lat' dir='ltr'>hoc</span> <span class='ocrx_word' id='word_1_36' title='bbox 564 1448 747 1512; x_wconf 89' lang='lat' dir='ltr'>vehemens</span> <span class='ocrx_word' id='word_1_37' title='bbox 763 1448 862 1530; x_wconf 91' lang='lat' dir='ltr'>lupus</span> <span class='ocrx_word' id='word_1_38' title='bbox 878 1457 912 1512; x_wconf 90' lang='lat' dir='ltr'>et</span> <span class='ocrx_word' id='word_1_39' title='bbox 929 1448 993 1514; x_wconf 86' lang='lat' dir='ltr'>sibi</span> <span class='ocrx_word' id='word_1_40' title='bbox 1008 1455 1042 1511; x_wconf 89' lang='lat' dir='ltr'>et</span> <span class='ocrx_word' id='word_1_41' title='bbox 1059 1448 1149 1511; x_wconf 94' lang='lat' dir='ltr'>hosti</span> 
     </span>
     <span class='ocr_line' id='line_1_7' title="bbox 179 1549 847 1634; baseline 0 -20"><span class='ocrx_word' id='word_1_42' title='bbox 179 1552 283 1616; x_wconf 89' lang='lat' dir='ltr'>iratus</span> <span class='ocrx_word' id='word_1_43' title='bbox 299 1549 431 1634; x_wconf 89' lang='lat' dir='ltr'>pariter,</span> <span class='ocrx_word' id='word_1_44' title='bbox 449 1550 569 1615; x_wconf 89' lang='lat' dir='ltr'>ieiunis</span> <span class='ocrx_word' id='word_1_45' title='bbox 585 1550 746 1615; x_wconf 82' lang='lat' dir='ltr'>dentibus</span> <span class='ocrx_word' id='word_1_46' title='bbox 762 1570 847 1628; x_wconf 87' lang='lat' dir='ltr'>acer,</span> 
     </span>
    </p>

    <p class='ocr_par' dir='ltr' id='par_1_5' title="bbox 178 1653 946 1738">
     <span class='ocr_line' id='line_1_8' title="bbox 178 1653 946 1738; baseline 0.001 -20"><span class='ocrx_word' id='word_1_47' title='bbox 178 1654 379 1737; x_wconf 86' lang='lat' dir='ltr'>praesidium</span> <span class='ocrx_word' id='word_1_48' title='bbox 396 1654 508 1738; x_wconf 84' lang='lat' dir='ltr'>regale</span> <span class='ocrx_word' id='word_1_49' title='bbox 522 1653 596 1718; x_wconf 94' lang='lat' dir='ltr'>loco</span> <span class='ocrx_word' id='word_1_50' title='bbox 611 1654 743 1729; x_wconf 87' lang='lat' dir='ltr'>deiecit,</span> <span class='ocrx_word' id='word_1_51' title='bbox 762 1663 797 1717; x_wconf 90' lang='lat' dir='ltr'>ut</span> <span class='ocrx_word' id='word_1_52' title='bbox 814 1654 919 1730; x_wconf 92' lang='lat' dir='ltr'>aiunt,</span> <span class='ocrx_word' id='word_1_53' title='bbox 942 1713 946 1719; x_wconf 85' lang='lat'>.</span> 
     </span>
    </p>

    <p class='ocr_par' dir='ltr' id='par_1_6' title="bbox 178 1739 956 1823">
     <span class='ocr_line' id='line_1_9' title="bbox 178 1739 956 1823; baseline 0.003 -2"><span class='ocrx_word' id='word_1_54' title='bbox 178 1777 308 1821; x_wconf 91' lang='lat' dir='ltr'>summe</span> <span class='ocrx_word' id='word_1_55' title='bbox 324 1757 454 1820; x_wconf 90' lang='lat' dir='ltr'>munito</span> <span class='ocrx_word' id='word_1_56' title='bbox 470 1766 503 1820; x_wconf 90' lang='lat' dir='ltr'>et</span> <span class='ocrx_word' id='word_1_57' title='bbox 521 1755 700 1820; x_wconf 90' lang='lat' dir='ltr'>multarum</span> <span class='ocrx_word' id='word_1_58' title='bbox 717 1739 821 1820; x_wconf 86' lang='lat' dir='ltr'>divite</span> <span class='ocrx_word' id='word_1_59' title='bbox 837 1776 956 1823; x_wconf 89' lang='lat' dir='ltr'>rerum.</span> 
     </span>
    </p>

    <p class='ocr_par' dir='ltr' id='par_1_7' title="bbox 180 1857 960 1942">
     <span class='ocr_line' id='line_1_10' title="bbox 180 1857 960 1942; baseline 0 -20"><span class='ocrx_word' id='word_1_60' title='bbox 180 1858 298 1922; x_wconf 88' lang='lat' dir='ltr'>Clarus</span> <span class='ocrx_word' id='word_1_61' title='bbox 313 1858 356 1923; x_wconf 94' lang='lat' dir='ltr'>ob</span> <span class='ocrx_word' id='word_1_62' title='bbox 372 1858 404 1922; x_wconf 92' lang='lat' dir='ltr'>id</span> <span class='ocrx_word' id='word_1_63' title='bbox 421 1859 548 1923; x_wconf 82' lang='lat' dir='ltr'>iactum</span> <span class='ocrx_word' id='word_1_64' title='bbox 565 1857 662 1922; x_wconf 87' lang='lat' dir='ltr'>donis</span> <span class='ocrx_word' id='word_1_65' title='bbox 678 1867 817 1922; x_wconf 90' lang='lat' dir='ltr'>ornatur</span> <span class='ocrx_word' id='word_1_66' title='bbox 831 1857 960 1942; x_wconf 89' lang='lat' dir='ltr'>opimis,</span> 
     </span>
    </p>

    <p class='ocr_par' dir='ltr' id='par_1_8' title="bbox 179 1961 1006 2045">
     <span class='ocr_line' id='line_1_11' title="bbox 179 1961 1006 2045; baseline 0.002 -20"><span class='ocrx_word' id='word_1_67' title='bbox 179 1961 299 2045; x_wconf 86' lang='lat' dir='ltr'>accipit</span> <span class='ocrx_word' id='word_1_68' title='bbox 315 1972 349 2026; x_wconf 88' lang='lat' dir='ltr'>et</span> <span class='ocrx_word' id='word_1_69' title='bbox 365 1961 417 2027; x_wconf 89' lang='lat' dir='ltr'>bis</span> <span class='ocrx_word' id='word_1_70' title='bbox 434 1963 520 2026; x_wconf 89' lang='lat' dir='ltr'>dena</span> <span class='ocrx_word' id='word_1_71' title='bbox 535 1982 636 2045; x_wconf 88' lang='lat' dir='ltr'>super</span> <span class='ocrx_word' id='word_1_72' title='bbox 651 1961 808 2027; x_wconf 88' lang='lat' dir='ltr'>sestertia</span> <span class='ocrx_word' id='word_1_73' title='bbox 823 1982 1006 2027; x_wconf 92' lang='lat' dir='ltr'>nummum.</span> 
     </span>
    </p>

    <p class='ocr_par' dir='ltr' id='par_1_9' title="bbox 180 2065 1269 2359">
     <span class='ocr_line' id='line_1_12' title="bbox 181 2065 1100 2150; baseline 0 -21"><span class='ocrx_word' id='word_1_74' title='bbox 181 2065 284 2130; x_wconf 85' lang='lat' dir='ltr'>Forte</span> <span class='ocrx_word' id='word_1_75' title='bbox 300 2068 363 2131; x_wconf 92' lang='lat' dir='ltr'>sub</span> <span class='ocrx_word' id='word_1_76' title='bbox 379 2066 443 2131; x_wconf 86' lang='lat' dir='ltr'>hoc</span> <span class='ocrx_word' id='word_1_77' title='bbox 459 2076 593 2150; x_wconf 89' lang='lat' dir='ltr'>tempus</span> <span class='ocrx_word' id='word_1_78' title='bbox 608 2066 783 2131; x_wconf 84' lang='lat' dir='ltr'>castellum</span> <span class='ocrx_word' id='word_1_79' title='bbox 800 2075 951 2130; x_wconf 89' lang='lat' dir='ltr'>evertere</span> <span class='ocrx_word' id='word_1_80' title='bbox 966 2074 1100 2149; x_wconf 87' lang='lat' dir='ltr'>praetor</span> 
     </span>
     <span class='ocr_line' id='line_1_13' title="bbox 180 2169 1269 2254; baseline 0.001 -21"><span class='ocrx_word' id='word_1_81' title='bbox 180 2169 397 2254; x_wconf 85' lang='lat' dir='ltr'>nescioquod</span> <span class='ocrx_word' id='word_1_82' title='bbox 414 2169 554 2253; x_wconf 89' lang='lat' dir='ltr'>cupiens</span> <span class='ocrx_word' id='word_1_83' title='bbox 570 2169 694 2234; x_wconf 89' lang='lat' dir='ltr'>hortari</span> <span class='ocrx_word' id='word_1_84' title='bbox 711 2169 821 2253; x_wconf 83' lang='lat' dir='ltr'>coepit</span> <span class='ocrx_word' id='word_1_85' title='bbox 837 2171 981 2235; x_wconf 91' lang='lat' dir='ltr'>eundem</span> <span class='ocrx_word' id='word_1_86' title='bbox 1206 2197 1236 2246; x_wconf 75' lang='lat'>35</span> <span class='ocrx_word' id='word_1_87' title='bbox 1267 2184 1269 2187; x_wconf 80' lang='grc'>’</span> 
     </span>
     <span class='ocr_line' id='line_1_14' title="bbox 180 2273 1160 2359; baseline 0.002 -22"><span class='ocrx_word' id='word_1_88' title='bbox 180 2274 299 2351; x_wconf 88' lang='lat' dir='ltr'>verbis,</span> <span class='ocrx_word' id='word_1_89' title='bbox 317 2295 402 2359; x_wconf 86' lang='lat' dir='ltr'>quae</span> <span class='ocrx_word' id='word_1_90' title='bbox 419 2273 536 2339; x_wconf 92' lang='lat' dir='ltr'>timido</span> <span class='ocrx_word' id='word_1_91' title='bbox 551 2295 683 2359; x_wconf 88' lang='lat' dir='ltr'>quoque</span> <span class='ocrx_word' id='word_1_92' title='bbox 699 2283 838 2358; x_wconf 89' lang='lat' dir='ltr'>possent</span> <span class='ocrx_word' id='word_1_93' title='bbox 854 2276 975 2340; x_wconf 88' lang='lat' dir='ltr'>addere</span> <span class='ocrx_word' id='word_1_94' title='bbox 993 2284 1160 2340; x_wconf 88' lang='lat' dir='ltr'>mentem:</span> 
     </span>
    </p>

    <p class='ocr_par' dir='ltr' id='par_1_10' title="bbox 183 2376 1039 2461">
     <span class='ocr_line' id='line_1_15' title="bbox 183 2376 1039 2461; baseline 0.001 -20"><span class='ocrx_word' id='word_1_95' title='bbox 183 2377 217 2440; x_wconf 87' lang='lat' dir='ltr'>‘I</span> <span class='ocrx_word' id='word_1_96' title='bbox 236 2376 322 2442; x_wconf 89' lang='lat' dir='ltr'>bone</span> <span class='ocrx_word' id='word_1_97' title='bbox 338 2399 404 2461; x_wconf 90' lang='lat' dir='ltr'>quo</span> <span class='ocrx_word' id='word_1_98' title='bbox 418 2378 525 2443; x_wconf 87' lang='lat' dir='ltr'>virtus</span> <span class='ocrx_word' id='word_1_99' title='bbox 541 2387 600 2441; x_wconf 89' lang='lat' dir='ltr'>tua</span> <span class='ocrx_word' id='word_1_100' title='bbox 616 2386 650 2442; x_wconf 89' lang='lat' dir='ltr'>te</span> <span class='ocrx_word' id='word_1_101' title='bbox 666 2388 773 2454; x_wconf 83' lang='lat' dir='ltr'>vocat,</span> <span class='ocrx_word' id='word_1_102' title='bbox 791 2378 802 2440; x_wconf 95' lang='lat' dir='ltr'>i</span> <span class='ocrx_word' id='word_1_103' title='bbox 818 2378 903 2460; x_wconf 86' lang='lat' dir='ltr'>pede</span> <span class='ocrx_word' id='word_1_104' title='bbox 918 2378 1039 2455; x_wconf 79' lang='lat' dir='ltr'>fausto,</span> 
     </span>
    </p>

    <p class='ocr_par' dir='ltr' id='par_1_11' title="bbox 180 2479 1111 2564">
     <span class='ocr_line' id='line_1_16' title="bbox 180 2479 1111 2564; baseline 0 -21"><span class='ocrx_word' id='word_1_105' title='bbox 180 2480 320 2564; x_wconf 84' lang='lat' dir='ltr'>grandia</span> <span class='ocrx_word' id='word_1_106' title='bbox 334 2480 461 2544; x_wconf 88' lang='lat' dir='ltr'>laturus</span> <span class='ocrx_word' id='word_1_107' title='bbox 478 2480 673 2544; x_wconf 84' lang='lat' dir='ltr'>meritorum</span> <span class='ocrx_word' id='word_1_108' title='bbox 689 2481 842 2563; x_wconf 87' lang='lat' dir='ltr'>praemia</span> <span class='ocrx_word' id='word_1_109' title='bbox 892 2480 982 2562; x_wconf 88' lang='lat' dir='ltr'>Quid</span> <span class='ocrx_word' id='word_1_110' title='bbox 999 2490 1069 2544; x_wconf 92' lang='lat' dir='ltr'>stas</span> <span class='ocrx_word' id='word_1_111' title='bbox 1081 2479 1111 2543; x_wconf 84' lang='lat' dir='ltr'>l&#39;</span> 
     </span>
    </p>

    <p class='ocr_par' dir='ltr' id='par_1_12' title="bbox 183 2581 1074 2665">
     <span class='ocr_line' id='line_1_17' title="bbox 183 2581 1074 2665; baseline 0 -21"><span class='ocrx_word' id='word_1_112' title='bbox 183 2582 260 2646; x_wconf 87' lang='lat' dir='ltr'>Post</span> <span class='ocrx_word' id='word_1_113' title='bbox 276 2583 359 2646; x_wconf 89' lang='lat' dir='ltr'>haec</span> <span class='ocrx_word' id='word_1_114' title='bbox 374 2582 430 2645; x_wconf 88' lang='lat' dir='ltr'>ille</span> <span class='ocrx_word' id='word_1_115' title='bbox 446 2592 542 2645; x_wconf 89' lang='lat' dir='ltr'>catus</span> <span class='ocrx_word' id='word_1_116' title='bbox 558 2582 772 2665; x_wconf 88' lang='lat' dir='ltr'>quantumvis</span> <span class='ocrx_word' id='word_1_117' title='bbox 787 2581 953 2646; x_wconf 89' lang='lat' dir='ltr'>rusticus:</span> <span class='ocrx_word' id='word_1_118' title='bbox 978 2581 1074 2658; x_wconf 86' lang='lat' dir='ltr'>‘Ibit,</span> 
     </span>
    </p>

    <p class='ocr_par' dir='ltr' id='par_1_13' title="bbox 181 2683 1238 2768">
     <span class='ocr_line' id='line_1_18' title="bbox 181 2683 1238 2768; baseline 0.001 -21"><span class='ocrx_word' id='word_1_119' title='bbox 181 2684 241 2748; x_wconf 92' lang='lat' dir='ltr'>ibit</span> <span class='ocrx_word' id='word_1_120' title='bbox 258 2705 307 2759; x_wconf 90' lang='lat' dir='ltr'>eo,</span> <span class='ocrx_word' id='word_1_121' title='bbox 324 2684 465 2767; x_wconf 86' lang='lat' dir='ltr'>quovis,</span> <span class='ocrx_word' id='word_1_122' title='bbox 483 2685 540 2767; x_wconf 91' lang='lat' dir='ltr'>qui</span> <span class='ocrx_word' id='word_1_123' title='bbox 555 2705 671 2748; x_wconf 88' lang='lat' dir='ltr'>zonam</span> <span class='ocrx_word' id='word_1_124' title='bbox 687 2683 853 2768; x_wconf 88' lang='lat' dir='ltr'>perdidit,’</span> <span class='ocrx_word' id='word_1_125' title='bbox 872 2684 987 2767; x_wconf 91' lang='lat' dir='ltr'>inquit.</span> <span class='ocrx_word' id='word_1_126' title='bbox 1207 2714 1238 2758; x_wconf 80' lang='lat'>⁴⁰</span> 
     </span>
    </p>
   </div>
   <div class='ocr_carea' id='block_1_3' title="bbox 181 2846 1238 3356">
    <p class='ocr_par' dir='ltr' id='par_1_14' title="bbox 181 2846 1238 3356">
     <span class='ocr_line' id='line_1_19' title="bbox 215 2846 1238 2938; baseline 0.001 -42"><span class='ocrx_word' id='word_1_127' title='bbox 215 2860 254 2909; x_wconf 75' lang='lat'>²⁴·</span> <span class='ocrx_word' id='word_1_128' title='bbox 272 2849 341 2897; x_wconf 66' lang='lat' dir='ltr'>hocs</span> <span class='ocrx_word' id='word_1_129' title='bbox 361 2847 483 2911; x_wconf 75' lang='lat' dir='ltr'>referring</span> <span class='ocrx_word' id='word_1_130' title='bbox 499 2854 526 2897; x_wconf 90' lang='lat' dir='ltr'>to</span> <span class='ocrx_word' id='word_1_131' title='bbox 537 2847 604 2897; x_wconf 74' lang='lat' dir='ltr'>what</span> <span class='ocrx_word' id='word_1_132' title='bbox 621 2863 683 2911; x_wconf 72' lang='lat' dir='ltr'>goes</span> <span class='ocrx_word' id='word_1_133' title='bbox 733 2862 807 2906; x_wconf 80' lang='lat' dir='ltr'>ernis,</span> <span class='ocrx_word' id='word_1_134' title='bbox 825 2864 854 2897; x_wconf 93' lang='lat' dir='ltr'>or</span> <span class='ocrx_word' id='word_1_135' title='bbox 872 2848 957 2897; x_wconf 71' lang='lat' dir='ltr'>boses</span> <span class='ocrx_word' id='word_1_136' title='bbox 976 2848 1139 2938; x_wconf 63' lang='lat' dir='ltr'>(phalerae),</span> <span class='ocrx_word' id='word_1_137' title='bbox 1155 2846 1238 2898; x_wconf 78' lang='lat' dir='ltr'>which</span> 
     </span>
     <span class='ocr_line' id='line_1_20' title="bbox 181 2912 1238 2967; baseline 0.001 -5"><span class='ocrx_word' id='word_1_138' title='bbox 181 2913 276 2963; x_wconf 70' lang='lat' dir='ltr'>before.</span> <span class='ocrx_word' id='word_1_139' title='bbox 319 2956 323 2967; x_wconf 82' lang='lat'>.</span> <span class='ocrx_word' id='word_1_140' title='bbox 734 2928 799 2962; x_wconf 82' lang='lat' dir='ltr'>were</span> <span class='ocrx_word' id='word_1_141' title='bbox 812 2912 854 2962; x_wconf 89' lang='lat' dir='ltr'>the</span> <span class='ocrx_word' id='word_1_142' title='bbox 867 2917 882 2940; x_wconf 80' lang='lat'>¹·</span> <span class='ocrx_word' id='word_1_143' title='bbox 890 2913 986 2963; x_wconf 74' lang='lat' dir='ltr'>medulo</span> <span class='ocrx_word' id='word_1_144' title='bbox 1001 2915 1008 2938; x_wconf 84' lang='lat'>’</span> <span class='ocrx_word' id='word_1_145' title='bbox 1024 2914 1075 2964; x_wconf 81' lang='lat' dir='ltr'>end</span> <span class='ocrx_word' id='word_1_146' title='bbox 1093 2916 1109 2941; x_wconf 81' lang='lat'>‘¹</span> <span class='ocrx_word' id='word_1_147' title='bbox 1117 2928 1213 2963; x_wconf 74' lang='lat' dir='ltr'>crossen</span> <span class='ocrx_word' id='word_1_148' title='bbox 1222 2913 1238 2937; x_wconf 87' lang='lat'>’&#39;</span> 
     </span>
     <span class='ocr_line' id='line_1_21' title="bbox 215 2978 966 3039; baseline 0.001 -10"><span class='ocrx_word' id='word_1_149' title='bbox 215 2978 255 3029; x_wconf 81' lang='lat'>26.</span> <span class='ocrx_word' id='word_1_150' title='bbox 273 2978 394 3039; x_wconf 81' lang='lat' dir='ltr'>Luculli,</span> <span class='ocrx_word' id='word_1_151' title='bbox 416 2986 483 3028; x_wconf 72' lang='lat' dir='ltr'>eloe</span> <span class='ocrx_word' id='word_1_152' title='bbox 514 2979 616 3029; x_wconf 78' lang='lat' dir='ltr'>Horace</span> <span class='ocrx_word' id='word_1_153' title='bbox 639 2994 682 3029; x_wconf 78' lang='lat' dir='ltr'>en·</span> <span class='ocrx_word' id='word_1_154' title='bbox 734 2979 764 3029; x_wconf 81' lang='lat' dir='ltr'>ol</span> <span class='ocrx_word' id='word_1_155' title='bbox 772 2979 873 3029; x_wconf 78' lang='lat' dir='ltr'>ancient</span> <span class='ocrx_word' id='word_1_156' title='bbox 886 2979 966 3030; x_wconf 83' lang='lat' dir='ltr'>times.</span> 
     </span>
     <span class='ocr_line' id='line_1_22' title="bbox 181 3045 1236 3109; baseline -0.001 -13"><span class='ocrx_word' id='word_1_157' title='bbox 181 3060 257 3096; x_wconf 70' lang='lat' dir='ltr'>swero</span> <span class='ocrx_word' id='word_1_158' title='bbox 282 3045 332 3095; x_wconf 83' lang='lat' dir='ltr'>this</span> <span class='ocrx_word' id='word_1_159' title='bbox 357 3060 413 3094; x_wconf 89' lang='lat' dir='ltr'>com</span> <span class='ocrx_word' id='word_1_160' title='bbox 432 3045 493 3095; x_wconf 78' lang='lat' dir='ltr'>laint</span> <span class='ocrx_word' id='word_1_161' title='bbox 515 3045 569 3095; x_wconf 78' lang='lat' dir='ltr'>eleo</span> <span class='ocrx_word' id='word_1_162' title='bbox 594 3045 628 3109; x_wconf 85' lang='lat' dir='ltr'>by</span> <span class='ocrx_word' id='word_1_163' title='bbox 649 3061 682 3095; x_wconf 80' lang='lat' dir='ltr'>en</span> <span class='ocrx_word' id='word_1_164' title='bbox 768 3057 808 3109; x_wconf 80' lang='lat'>33.</span> <span class='ocrx_word' id='word_1_165' title='bbox 826 3045 914 3095; x_wconf 72' lang='lat' dir='ltr'>dener</span> <span class='ocrx_word' id='word_1_166' title='bbox 945 3046 988 3095; x_wconf 84' lang='lat' dir='ltr'>the</span> <span class='ocrx_word' id='word_1_167' title='bbox 1005 3045 1104 3109; x_wconf 77' lang='lat' dir='ltr'>regulet</span> <span class='ocrx_word' id='word_1_168' title='bbox 1121 3045 1236 3095; x_wconf 86' lang='lat' dir='ltr'>distribu·</span> 
     </span>
     <span class='ocr_line' id='line_1_23' title="bbox 181 3061 1110 3174; baseline -0.001 -14"><span class='ocrx_word' id='word_1_169' title='bbox 181 3112 314 3170; x_wconf 74' lang='lat' dir='ltr'>anecdote,</span> <span class='ocrx_word' id='word_1_170' title='bbox 333 3061 470 3174; x_wconf 60' lang='lat' dir='ltr'>extending</span> <span class='ocrx_word' id='word_1_171' title='bbox 490 3116 516 3160; x_wconf 85' lang='lat' dir='ltr'>to</span> <span class='ocrx_word' id='word_1_172' title='bbox 535 3126 558 3159; x_wconf 80' lang='grc' dir='ltr'>ν.</span> <span class='ocrx_word' id='word_1_173' title='bbox 577 3123 618 3171; x_wconf 81' lang='lat'>41,</span> <span class='ocrx_word' id='word_1_174' title='bbox 638 3111 683 3160; x_wconf 86' lang='lat' dir='ltr'>but</span> <span class='ocrx_word' id='word_1_175' title='bbox 734 3112 784 3160; x_wconf 84' lang='lat' dir='ltr'>tire</span> <span class='ocrx_word' id='word_1_176' title='bbox 796 3110 858 3160; x_wconf 86' lang='lat' dir='ltr'>used</span> <span class='ocrx_word' id='word_1_177' title='bbox 870 3112 896 3159; x_wconf 92' lang='lat' dir='ltr'>in</span> <span class='ocrx_word' id='word_1_178' title='bbox 910 3110 1110 3174; x_wconf 80' lang='lat' dir='ltr'>multiplicatiori.</span> 
     </span>
     <span class='ocr_line' id='line_1_24' title="bbox 181 3173 1237 3241; baseline -0.002 -15"><span class='ocrx_word' id='word_1_179' title='bbox 181 3174 224 3226; x_wconf 83' lang='lat' dir='ltr'>the</span> <span class='ocrx_word' id='word_1_180' title='bbox 242 3175 396 3241; x_wconf 73' lang='lat' dir='ltr'>application</span> <span class='ocrx_word' id='word_1_181' title='bbox 415 3175 437 3224; x_wconf 88' lang='lat' dir='ltr'>is</span> <span class='ocrx_word' id='word_1_182' title='bbox 452 3177 526 3225; x_wconf 78' lang='lat' dir='ltr'>mode</span> <span class='ocrx_word' id='word_1_183' title='bbox 544 3175 571 3225; x_wconf 88' lang='lat' dir='ltr'>in</span> <span class='ocrx_word' id='word_1_184' title='bbox 586 3191 625 3224; x_wconf 83' lang='lat' dir='ltr'>vv.</span> <span class='ocrx_word' id='word_1_185' title='bbox 643 3188 683 3241; x_wconf 78' lang='lat'>53,</span> <span class='ocrx_word' id='word_1_186' title='bbox 767 3187 808 3238; x_wconf 74' lang='lat'>3⁴·</span> <span class='ocrx_word' id='word_1_187' title='bbox 826 3184 946 3240; x_wconf 73' lang='lat' dir='ltr'>praetor,</span> <span class='ocrx_word' id='word_1_188' title='bbox 958 3176 998 3224; x_wconf 68' lang='lat' dir='ltr'>the</span> <span class='ocrx_word' id='word_1_189' title='bbox 1012 3175 1182 3235; x_wconf 71' lang='lat' dir='ltr'>coniurander,</span> <span class='ocrx_word' id='word_1_190' title='bbox 1195 3173 1237 3224; x_wconf 86' lang='lat' dir='ltr'>the</span> 
     </span>
     <span class='ocr_line' id='line_1_25' title="bbox 183 3240 1238 3356; baseline 0 -66"><span class='ocrx_word' id='word_1_191' title='bbox 183 3241 385 3307; x_wconf 72' lang='lat' dir='ltr'>54-viatice,</span> <span class='ocrx_word' id='word_1_192' title='bbox 401 3240 441 3289; x_wconf 67' lang='lat' dir='ltr'>hir</span> <span class='ocrx_word' id='word_1_193' title='bbox 457 3248 529 3299; x_wconf 81' lang='lat' dir='ltr'>stare,</span> <span class='ocrx_word' id='word_1_194' title='bbox 545 3240 637 3304; x_wconf 73' lang='lat' dir='ltr'>gained</span> <span class='ocrx_word' id='word_1_195' title='bbox 656 3241 682 3289; x_wconf 90' lang='lat' dir='ltr'>in</span> <span class='ocrx_word' id='word_1_196' title='bbox 734 3240 841 3303; x_wconf 81' lang='lat' dir='ltr'>original</span> <span class='ocrx_word' id='word_1_197' title='bbox 854 3240 973 3356; x_wconf 54' lang='lat' dir='ltr'>meaninp</span> <span class='ocrx_word' id='word_1_198' title='bbox 988 3240 1019 3289; x_wconf 82' lang='lat' dir='ltr'>oi</span> <span class='ocrx_word' id='word_1_199' title='bbox 1032 3240 1076 3289; x_wconf 85' lang='lat' dir='ltr'>the</span> <span class='ocrx_word' id='word_1_200' title='bbox 1087 3241 1165 3291; x_wconf 88' lang='lat' dir='ltr'>word.</span> <span class='ocrx_word' id='word_1_201' title='bbox 1199 3240 1238 3291; x_wconf 78' lang='lat' dir='ltr'>Cf.</span> 
     </span>
    </p>
   </div>
   <div class='ocr_carea' id='block_1_4' title="bbox 181 3305 1278 4423">
    <p class='ocr_par' dir='ltr' id='par_1_15' title="bbox 181 3305 1278 4423">
     <span class='ocr_line' id='line_1_26' title="bbox 181 3305 1045 3372; baseline -0.001 -16"><span class='ocrx_word' id='word_1_202' title='bbox 181 3306 276 3356; x_wconf 77' lang='lat' dir='ltr'>service</span> <span class='ocrx_word' id='word_1_203' title='bbox 289 3306 353 3355; x_wconf 82' lang='lat' dir='ltr'>from</span> <span class='ocrx_word' id='word_1_204' title='bbox 364 3321 413 3371; x_wconf 83' lang='lat' dir='ltr'>pay</span> <span class='ocrx_word' id='word_1_205' title='bbox 424 3305 474 3355; x_wconf 77' lang='lat' dir='ltr'>end</span> <span class='ocrx_word' id='word_1_206' title='bbox 486 3305 571 3369; x_wconf 80' lang='lat' dir='ltr'>booty.</span> <span class='ocrx_word' id='word_1_207' title='bbox 681 3339 684 3344; x_wconf 87' lang='lat'>-</span> <span class='ocrx_word' id='word_1_208' title='bbox 736 3308 789 3356; x_wconf 78' lang='lat' dir='ltr'>Sat.</span> <span class='ocrx_word' id='word_1_209' title='bbox 803 3307 823 3355; x_wconf 92' lang='lat' dir='ltr'>l.</span> <span class='ocrx_word' id='word_1_210' title='bbox 837 3319 858 3372; x_wconf 82' lang='lat'>5.</span> <span class='ocrx_word' id='word_1_211' title='bbox 872 3319 948 3370; x_wconf 69' lang='lat'>34211</span> <span class='ocrx_word' id='word_1_212' title='bbox 978 3312 1045 3356; x_wconf 86' lang='lat' dir='ltr'>note.</span> 
     </span>
     <span class='ocr_line' id='line_1_27' title="bbox 216 3371 1278 3438; baseline 0 -16"><span class='ocrx_word' id='word_1_213' title='bbox 216 3373 428 3436; x_wconf 65' lang='lat' dir='ltr'>andennense</span> <span class='ocrx_word' id='word_1_214' title='bbox 464 3371 613 3436; x_wconf 78' lang='lat' dir='ltr'>continuing</span> <span class='ocrx_word' id='word_1_215' title='bbox 640 3373 683 3423; x_wconf 84' lang='lat' dir='ltr'>the</span> <span class='ocrx_word' id='word_1_216' title='bbox 768 3385 807 3438; x_wconf 79' lang='lat'>35.</span> <span class='ocrx_word' id='word_1_217' title='bbox 826 3372 925 3423; x_wconf 81' lang='lat' dir='ltr'>neseio</span> <span class='ocrx_word' id='word_1_218' title='bbox 958 3373 1031 3422; x_wconf 83' lang='lat' dir='ltr'>uod:</span> <span class='ocrx_word' id='word_1_219' title='bbox 1049 3371 1239 3423; x_wconf 76' lang='lat' dir='ltr'>thewordsdis</span> <span class='ocrx_word' id='word_1_220' title='bbox 1277 3431 1278 3435; x_wconf 10' lang='grc' dir='ltr'><strong>Ἰ</strong></span> 
     </span>
     <span class='ocr_line' id='line_1_28' title="bbox 181 3387 1238 3505; baseline 0 -17"><span class='ocrx_word' id='word_1_221' title='bbox 181 3437 337 3503; x_wconf 75' lang='lat' dir='ltr'>figureol&#39;lu</span> <span class='ocrx_word' id='word_1_222' title='bbox 359 3452 403 3488; x_wconf 77' lang='lat' dir='ltr'>ue.</span> <span class='ocrx_word' id='word_1_223' title='bbox 734 3454 827 3505; x_wconf 77' lang='lat' dir='ltr'>perege</span> <span class='ocrx_word' id='word_1_224' title='bbox 845 3439 888 3488; x_wconf 86' lang='lat' dir='ltr'>the</span> <span class='ocrx_word' id='word_1_225' title='bbox 906 3387 1026 3504; x_wconf 52' lang='lat' dir='ltr'>didcutry</span> <span class='ocrx_word' id='word_1_226' title='bbox 1043 3438 1074 3488; x_wconf 79' lang='lat' dir='ltr'>oi</span> <span class='ocrx_word' id='word_1_227' title='bbox 1088 3439 1131 3488; x_wconf 83' lang='lat' dir='ltr'>the</span> <span class='ocrx_word' id='word_1_228' title='bbox 1148 3438 1238 3489; x_wconf 86' lang='lat' dir='ltr'>under·</span> 
     </span>
     <span class='ocr_line' id='line_1_29' title="bbox 183 3504 1238 3621; baseline -0.003 0"><span class='ocrx_word' id='word_1_229' title='bbox 183 3504 684 3621; x_wconf 53' lang='lat' dir='ltr'>ndlila⁶²1llssb⁸ilieiixlll</span> <span class='ocrx_word' id='word_1_230' title='bbox 734 3506 824 3621; x_wconf 64' lang='lat' dir='ltr'>{tlt</span> <span class='ocrx_word' id='word_1_231' title='bbox 840 3505 1238 3621; x_wconf 60' lang='lat' dir='ltr'>¹⁰·Jtttll”lll¹„¹l⁶¹&#39;“·</span> 
     </span>
     <span class='ocr_line' id='line_1_30' title="bbox 182 3586 1238 3702; baseline 0 -18"><span class='ocrx_word' id='word_1_232' title='bbox 182 3635 273 3701; x_wconf 65' lang='grc' dir='ltr'>Ιοᾰμᾰ,</span> <span class='ocrx_word' id='word_1_233' title='bbox 290 3650 306 3684; x_wconf 79' lang='lat' dir='ltr'>a</span> <span class='ocrx_word' id='word_1_234' title='bbox 322 3636 445 3685; x_wconf 79' lang='lat' dir='ltr'>technical</span> <span class='ocrx_word' id='word_1_235' title='bbox 462 3635 568 3699; x_wconf 78' lang='lat' dir='ltr'>military</span> <span class='ocrx_word' id='word_1_236' title='bbox 599 3608 683 3685; x_wconf 57' lang='lat' dir='ltr'>’hrese</span> <span class='ocrx_word' id='word_1_237' title='bbox 768 3586 1238 3702; x_wconf 62' lang='lat' dir='ltr'>36.gverbts,in1a’nguage.-umt-</span> 
     </span>
     <span class='ocr_line' id='line_1_31' title="bbox 182 3652 1240 3765; baseline -0.002 -14"><span class='ocrx_word' id='word_1_238' title='bbox 182 3701 490 3763; x_wconf 78' lang='lat' dir='ltr'>Cl.locomo!urer!,Cic.</span> <span class='ocrx_word' id='word_1_239' title='bbox 507 3703 560 3750; x_wconf 77' lang='lat' dir='ltr'>Cat.</span> <span class='ocrx_word' id='word_1_240' title='bbox 573 3652 607 3751; x_wconf 60' lang='lat' dir='ltr'>li.</span> <span class='ocrx_word' id='word_1_241' title='bbox 624 3713 685 3750; x_wconf 83' lang='lat' dir='ltr'>t.-</span> <span class='ocrx_word' id='word_1_242' title='bbox 735 3701 772 3751; x_wconf 88' lang='lat' dir='ltr'>do</span> <span class='ocrx_word' id='word_1_243' title='bbox 790 3715 921 3765; x_wconf 83' lang='lat' dir='ltr'>quoque:</span> <span class='ocrx_word' id='word_1_244' title='bbox 947 3704 986 3752; x_wconf 85' lang='lat' dir='ltr'>r&#39;.e.</span> <span class='ocrx_word' id='word_1_245' title='bbox 1002 3704 1053 3752; x_wconf 80' lang='lat' dir='ltr'>end</span> <span class='ocrx_word' id='word_1_246' title='bbox 1071 3701 1122 3751; x_wconf 87' lang='lat' dir='ltr'>still</span> <span class='ocrx_word' id='word_1_247' title='bbox 1139 3716 1209 3750; x_wconf 81' lang='lat' dir='ltr'>inore</span> <span class='ocrx_word' id='word_1_248' title='bbox 1224 3716 1240 3749; x_wconf 78' lang='lat' dir='ltr'>a</span> 
     </span>
     <span class='ocr_line' id='line_1_32' title="bbox 183 3764 1080 3832; baseline 0.001 -16"><span class='ocrx_word' id='word_1_249' title='bbox 183 3773 215 3816; x_wconf 83' lang='lat' dir='ltr'>ut</span> <span class='ocrx_word' id='word_1_250' title='bbox 225 3766 314 3825; x_wconf 60' lang='lat' dir='ltr'>alunt</span> <span class='ocrx_word' id='word_1_251' title='bbox 324 3782 354 3814; x_wconf 81' lang='lat' dir='ltr'>err</span> <span class='ocrx_word' id='word_1_252' title='bbox 364 3765 404 3815; x_wconf 78' lang='lat' dir='ltr'>the</span> <span class='ocrx_word' id='word_1_253' title='bbox 414 3773 550 3831; x_wconf 76' lang='lat' dir='ltr'>storygver.</span> <span class='ocrx_word' id='word_1_254' title='bbox 573 3764 613 3817; x_wconf 83' lang='lat' dir='ltr'>Ci.</span> <span class='ocrx_word' id='word_1_255' title='bbox 625 3767 647 3817; x_wconf 93' lang='lat'>1.</span> <span class='ocrx_word' id='word_1_256' title='bbox 660 3778 683 3832; x_wconf 80' lang='grc'>7.</span> <span class='ocrx_word' id='word_1_257' title='bbox 734 3767 829 3817; x_wconf 76' lang='lat' dir='ltr'>veliunt</span> <span class='ocrx_word' id='word_1_258' title='bbox 842 3774 944 3817; x_wconf 75' lang='lat' dir='ltr'>veterno</span> <span class='ocrx_word' id='word_1_259' title='bbox 956 3767 1008 3817; x_wconf 78' lang='lat' dir='ltr'>like</span> <span class='ocrx_word' id='word_1_260' title='bbox 1020 3767 1080 3817; x_wconf 88' lang='lat' dir='ltr'>him.</span> 
     </span>
     <span class='ocr_line' id='line_1_33' title="bbox 182 3832 1239 3898; baseline -0.006 -12"><span class='ocrx_word' id='word_1_261' title='bbox 182 3845 222 3894; x_wconf 64' lang='lat'>49</span> <span class='ocrx_word' id='word_1_262' title='bbox 701 3884 702 3887; x_wconf 69' lang='grc'>,</span> <span class='ocrx_word' id='word_1_263' title='bbox 769 3845 809 3896; x_wconf 81' lang='lat'>37.</span> <span class='ocrx_word' id='word_1_264' title='bbox 832 3834 915 3892; x_wconf 88' lang='lat' dir='ltr'>bone,</span> <span class='ocrx_word' id='word_1_265' title='bbox 938 3848 981 3897; x_wconf 82' lang='lat' dir='ltr'>my</span> <span class='ocrx_word' id='word_1_266' title='bbox 995 3833 1064 3898; x_wconf 72' lang='lat' dir='ltr'>good</span> <span class='ocrx_word' id='word_1_267' title='bbox 1074 3832 1239 3898; x_wconf 67' lang='lat' dir='ltr'>friend-i</span> 
     </span>
     <span class='ocr_line' id='line_1_34' title="bbox 206 3897 1240 4026; baseline 0 -80"><span class='ocrx_word' id='word_1_268' title='bbox 206 3897 501 4026; x_wconf 40' lang='grc' dir='ltr'>οῐ3111.(1ι.ιέὶιιιιιίιι;ιπιέζειιιιίι</span> <span class='ocrx_word' id='word_1_269' title='bbox 514 3898 571 4012; x_wconf 57' lang='lat' dir='ltr'>tirell)</span> <span class='ocrx_word' id='word_1_270' title='bbox 579 3898 598 3947; x_wconf 91' lang='lat' dir='ltr'>it</span> <span class='ocrx_word' id='word_1_271' title='bbox 607 3899 684 4013; x_wconf 76' lang='lat' dir='ltr'>epuld</span> <span class='ocrx_word' id='word_1_272' title='bbox 735 3899 808 3963; x_wconf 85' lang='lat' dir='ltr'>pede</span> <span class='ocrx_word' id='word_1_273' title='bbox 820 3899 930 3948; x_wconf 74' lang='lat' dir='ltr'>fausto:</span> <span class='ocrx_word' id='word_1_274' title='bbox 946 3898 1111 3963; x_wconf 78' lang='lat' dir='ltr'>bothegood</span> <span class='ocrx_word' id='word_1_275' title='bbox 1118 3897 1179 3946; x_wconf 77' lang='lat' dir='ltr'>wislr</span> <span class='ocrx_word' id='word_1_276' title='bbox 1188 3897 1240 3947; x_wconf 74' lang='lat' dir='ltr'>end</span> 
     </span>
     <span class='ocr_line' id='line_1_35' title="bbox 183 3978 923 4014; baseline 0.001 -2"><span class='ocrx_word' id='word_1_277' title='bbox 183 3979 214 4012; x_wconf 82' lang='lat' dir='ltr'>m</span> <span class='ocrx_word' id='word_1_278' title='bbox 280 3979 287 4012; x_wconf 90' lang='grc' dir='ltr'><strong>ι</strong></span> <span class='ocrx_word' id='word_1_279' title='bbox 314 3978 345 4012; x_wconf 84' lang='lat' dir='ltr'>eu</span> <span class='ocrx_word' id='word_1_280' title='bbox 465 3978 532 4013; x_wconf 78' lang='lat' dir='ltr'>aen</span> <span class='ocrx_word' id='word_1_281' title='bbox 606 3978 685 4013; x_wconf 83' lang='lat' dir='ltr'>sorm</span> <span class='ocrx_word' id='word_1_282' title='bbox 735 3980 923 4014; x_wconf 65' lang='lat' dir='ltr'>enomumnce.</span> 
     </span>
     <span class='ocr_line' id='line_1_36' title="bbox 185 3979 1241 4096; baseline -0.001 -17"><span class='ocrx_word' id='word_1_283' title='bbox 185 4029 254 4096; x_wconf 83' lang='lat' dir='ltr'>(best</span> <span class='ocrx_word' id='word_1_284' title='bbox 266 4029 404 4079; x_wconf 78' lang='lat' dir='ltr'>tmnrleted</span> <span class='ocrx_word' id='word_1_285' title='bbox 414 4029 474 4078; x_wconf 72' lang='lat' dir='ltr'>with</span> <span class='ocrx_word' id='word_1_286' title='bbox 487 3979 660 4094; x_wconf 67' lang='lat' dir='ltr'>praesidium</span> <span class='ocrx_word' id='word_1_287' title='bbox 677 4066 684 4078; x_wconf 84' lang='grc'><strong>.</strong></span> <span class='ocrx_word' id='word_1_288' title='bbox 743 4062 747 4069; x_wconf 90' lang='lat'><em>·</em></span> <span class='ocrx_word' id='word_1_289' title='bbox 770 4028 810 4094; x_wconf 80' lang='lat'>38.</span> <span class='ocrx_word' id='word_1_290' title='bbox 827 4031 952 4081; x_wconf 80' lang='lat' dir='ltr'>laturus:</span> <span class='ocrx_word' id='word_1_291' title='bbox 971 4032 1003 4082; x_wconf 80' lang='lat' dir='ltr'>cf.</span> <span class='ocrx_word' id='word_1_292' title='bbox 1016 4032 1071 4082; x_wconf 80' lang='lat' dir='ltr'>Sat.</span> <span class='ocrx_word' id='word_1_293' title='bbox 1081 4030 1117 4081; x_wconf 90' lang='lat'>11.</span> <span class='ocrx_word' id='word_1_294' title='bbox 1129 4042 1150 4081; x_wconf 93' lang='grc' dir='ltr'>ι.</span> <span class='ocrx_word' id='word_1_295' title='bbox 1162 4042 1241 4079; x_wconf 88' lang='lat'>12.-</span> 
     </span>
     <span class='ocr_line' id='line_1_37' title="bbox 182 4096 1134 4160; baseline -0.001 -14"><span class='ocrx_word' id='word_1_296' title='bbox 182 4096 315 4156; x_wconf 84' lang='lat' dir='ltr'>-divlte,</span> <span class='ocrx_word' id='word_1_297' title='bbox 329 4103 392 4146; x_wconf 75' lang='lat' dir='ltr'>eto:</span> <span class='ocrx_word' id='word_1_298' title='bbox 412 4097 451 4145; x_wconf 73' lang='lat' dir='ltr'>r&#39;ae.</span> <span class='ocrx_word' id='word_1_299' title='bbox 462 4112 491 4146; x_wconf 81' lang='lat' dir='ltr'>so</span> <span class='ocrx_word' id='word_1_300' title='bbox 503 4097 557 4147; x_wconf 80' lang='lat' dir='ltr'>ther</span> <span class='ocrx_word' id='word_1_301' title='bbox 573 4097 594 4146; x_wconf 77' lang='lat' dir='ltr'>it</span> <span class='ocrx_word' id='word_1_302' title='bbox 609 4097 685 4147; x_wconf 88' lang='lat' dir='ltr'>coud</span> <span class='ocrx_word' id='word_1_303' title='bbox 737 4098 805 4160; x_wconf 86' lang='lat' dir='ltr'>quid</span> <span class='ocrx_word' id='word_1_304' title='bbox 818 4106 894 4147; x_wconf 75' lang='lat' dir='ltr'>stes:</span> <span class='ocrx_word' id='word_1_305' title='bbox 913 4097 945 4147; x_wconf 76' lang='lat' dir='ltr'>cf.</span> <span class='ocrx_word' id='word_1_306' title='bbox 959 4099 1012 4147; x_wconf 78' lang='lat' dir='ltr'>Sar.</span> <span class='ocrx_word' id='word_1_307' title='bbox 1025 4097 1046 4147; x_wconf 94' lang='lat'>1.</span> <span class='ocrx_word' id='word_1_308' title='bbox 1061 4110 1082 4147; x_wconf 91' lang='grc' dir='ltr'>ι.</span> <span class='ocrx_word' id='word_1_309' title='bbox 1097 4109 1134 4159; x_wconf 87' lang='grc' dir='ltr'>ι9,</span> 
     </span>
     <span class='ocr_line' id='line_1_38' title="bbox 183 4161 1241 4227; baseline -0.003 -15"><span class='ocrx_word' id='word_1_310' title='bbox 183 4161 243 4212; x_wconf 69' lang='lat' dir='ltr'>with</span> <span class='ocrx_word' id='word_1_311' title='bbox 263 4161 383 4225; x_wconf 81' lang='lat' dir='ltr'>difficulty</span> <span class='ocrx_word' id='word_1_312' title='bbox 402 4161 435 4212; x_wconf 88' lang='lat' dir='ltr'>be</span> <span class='ocrx_word' id='word_1_313' title='bbox 457 4163 534 4213; x_wconf 80' lang='lat' dir='ltr'>telren</span> <span class='ocrx_word' id='word_1_314' title='bbox 556 4163 590 4226; x_wconf 82' lang='lat' dir='ltr'>by</span> <span class='ocrx_word' id='word_1_315' title='bbox 609 4163 685 4226; x_wconf 78' lang='lat' dir='ltr'>siege.</span> <span class='ocrx_word' id='word_1_316' title='bbox 771 4175 811 4225; x_wconf 83' lang='lat'>39.</span> <span class='ocrx_word' id='word_1_317' title='bbox 840 4163 973 4222; x_wconf 80' lang='lat' dir='ltr'>rusticus,</span> <span class='ocrx_word' id='word_1_318' title='bbox 998 4161 1150 4227; x_wconf 70' lang='lat' dir='ltr'>unlearned,</span> <span class='ocrx_word' id='word_1_319' title='bbox 1173 4176 1201 4209; x_wconf 81' lang='lat' dir='ltr'>es</span> <span class='ocrx_word' id='word_1_320' title='bbox 1226 4176 1241 4210; x_wconf 83' lang='grc' dir='ltr'><strong>ι</strong></span> 
     </span>
     <span class='ocr_line' id='line_1_39' title="bbox 182 4228 1241 4293; baseline -0.002 -16"><span class='ocrx_word' id='word_1_321' title='bbox 182 4228 238 4277; x_wconf 79' lang='lat' dir='ltr'>&#39;lire</span> <span class='ocrx_word' id='word_1_322' title='bbox 252 4229 335 4278; x_wconf 74' lang='lat' dir='ltr'>whole</span> <span class='ocrx_word' id='word_1_323' title='bbox 353 4228 477 4279; x_wconf 77' lang='lat' dir='ltr'>indicates</span> <span class='ocrx_word' id='word_1_324' title='bbox 493 4228 538 4278; x_wconf 81' lang='lat' dir='ltr'>the</span> <span class='ocrx_word' id='word_1_325' title='bbox 555 4230 687 4293; x_wconf 75' lang='lat' dir='ltr'>desperate</span> <span class='ocrx_word' id='word_1_326' title='bbox 737 4236 910 4291; x_wconf 83' lang='lat' dir='ltr'>countryman.</span> <span class='ocrx_word' id='word_1_327' title='bbox 948 4229 991 4277; x_wconf 88' lang='lat' dir='ltr'>He</span> <span class='ocrx_word' id='word_1_328' title='bbox 1008 4228 1067 4288; x_wconf 80' lang='lat' dir='ltr'>hod,</span> <span class='ocrx_word' id='word_1_329' title='bbox 1084 4228 1208 4285; x_wconf 83' lang='lat' dir='ltr'>however,</span> <span class='ocrx_word' id='word_1_330' title='bbox 1226 4241 1241 4275; x_wconf 82' lang='lat' dir='ltr'>e</span> 
     </span>
     <span class='ocr_line' id='line_1_40' title="bbox 182 4292 998 4344; baseline 0.002 -2"><span class='ocrx_word' id='word_1_331' title='bbox 182 4292 253 4342; x_wconf 80' lang='lat' dir='ltr'>relor</span> <span class='ocrx_word' id='word_1_332' title='bbox 264 4293 294 4342; x_wconf 81' lang='lat' dir='ltr'>oi</span> <span class='ocrx_word' id='word_1_333' title='bbox 303 4293 345 4342; x_wconf 88' lang='lat' dir='ltr'>the</span> <span class='ocrx_word' id='word_1_334' title='bbox 357 4293 458 4343; x_wconf 83' lang='lat' dir='ltr'>soldier.</span> <span class='ocrx_word' id='word_1_335' title='bbox 738 4295 822 4342; x_wconf 78' lang='lat' dir='ltr'>native</span> <span class='ocrx_word' id='word_1_336' title='bbox 833 4294 998 4344; x_wconf 77' lang='lat' dir='ltr'>shrewriness</span> 
     </span>
     <span class='ocr_line' id='line_1_41' title="bbox 218 4356 1239 4423; baseline 0.001 -16"><span class='ocrx_word' id='word_1_337' title='bbox 218 4370 256 4423; x_wconf 79' lang='lat'>32.</span> <span class='ocrx_word' id='word_1_338' title='bbox 268 4359 365 4409; x_wconf 81' lang='lat' dir='ltr'>donis:</span> <span class='ocrx_word' id='word_1_339' title='bbox 377 4357 686 4419; x_wconf 71' lang='lat' dir='ltr'>ruehuerorrus,chains,</span> <span class='ocrx_word' id='word_1_340' title='bbox 770 4364 811 4421; x_wconf 85' lang='lat'>&#39;40.</span> <span class='ocrx_word' id='word_1_341' title='bbox 828 4359 1087 4420; x_wconf 61' lang='lat' dir='ltr'>summittenda,</span> <span class='ocrx_word' id='word_1_342' title='bbox 1096 4356 1172 4407; x_wconf 80' lang='lat' dir='ltr'>ebelt</span> <span class='ocrx_word' id='word_1_343' title='bbox 1181 4357 1239 4408; x_wconf 76' lang='lat' dir='ltr'>with</span> 
     </span>
    </p>
   </div>
   <div class='ocr_carea' id='block_1_5' title="bbox 0 0 1619 4984">
    <p class='ocr_par' dir='ltr' id='par_1_16' title="bbox 0 0 1619 4984">
     <span class='ocr_line' id='line_1_42' title="bbox 0 0 1619 4984; baseline 0 0"><span class='ocrx_word' id='word_1_344' title='bbox 0 0 1619 4984; x_wconf 95' lang='lat' dir='ltr'> </span> 
     </span>
    </p>
   </div>
  </div>
 </body>
</html>
