3209 4984
348 783 395 837 154
698 781 835 833 HORATI
858 780 1051 832 SERMONES-
1278 778 1345 845 [iss.
1355 776 1385 826 11.

348 947 377 1012 si
393 944 539 1022 memini,
556 943 701 1023 varum
724 964 799 1009 cum
818 944 960 1009 Servilio
976 923 1154 1010 Balatrone

347 1049 515 1126 Vibidius,
531 1070 615 1134 quas
631 1050 811 1114 Maecenas
827 1049 1009 1114 adduxerat
1026 1050 1161 1115 umbras
1170 1071 1179 1128 ;

279 1141 284 1149 ’
349 1155 585 1220 Nomentanus
601 1165 671 1219 erat
688 1175 790 1238 super
806 1154 925 1237 ipsum,
944 1155 1080 1219 Porcius
1097 1155 1193 1231 infra,

348 1259 508 1325 ridiculus
523 1268 612 1323 totas
629 1259 727 1322 simui
743 1257 923 1322 absorbere
939 1257 1111 1341 placentas
1125 1281 1134 1337 ;

350 1361 585 1426 Nomentanus
600 1361 643 1424 ad
658 1362 731 1435 hoc,
749 1361 815 1444 qui,
833 1360 862 1423 si
877 1359 957 1444 quid
972 1357 1060 1423 forte
1074 1359 1203 1436 lateret,
1365 1384 1391 1431 ss

350 1465 460 1528 indice
476 1473 678 1528 monstraret
693 1462 820 1544 digito:
843 1482 919 1524 nam
936 1471 1048 1526 cetera
1064 1463 1171 1538 turba,

350 1586 422 1643 nos,
439 1566 584 1648 inquam,
601 1574 761 1630 cenamus
779 1565 859 1640 avis,
878 1562 1062 1649 conchylia,
1079 1560 1191 1644 piscis,

351 1668 450 1751 longe
466 1667 662 1732 dissimilem
679 1677 760 1731 noto
776 1666 920 1731 celantia
935 1686 1051 1730 sucum
1064 1687 1073 1743 3

243 1846 248 1855 ⁸
351 1782 388 1836 ut
403 1771 456 1836 vel
473 1772 633 1836 continuo
648 1770 765 1854 patuit,
783 1790 859 1834 cum
876 1769 1021 1853 passeris
1037 1758 1139 1852 atque

351 1876 522 1958 ingustata
539 1874 620 1938 mihi
635 1883 828 1956 porrexerat
845 1873 901 1936 ilia
917 1872 1055 1936 rhombi.
1367 1895 1395 1942 so

354 1979 432 2042 Post
449 1980 512 2041 hoc
528 1996 582 2040 me
597 1977 710 2041 docuit
727 1975 894 2039 melimela
909 1977 1029 2039 rubere
1044 1964 1206 2038 minorem

351 2081 393 2146 ad
409 2080 522 2144 lunam
539 2079 678 2144 delecta.
728 2080 818 2162 Quid
835 2079 898 2143 hoc
914 2078 1057 2154 intersit,
1074 2077 1207 2161 abipso

352 2184 497 2250 audieris
513 2183 642 2249 melius.
689 2185 776 2248 Tum
792 2183 949 2248 Vibidius
967 2182 1145 2259 Balatroni,

355 2289 446 2354 ‘Nos
463 2288 527 2352 nisi
543 2282 703 2353 damnose
719 2288 874 2364 bibimus,
891 2287 1071 2352 moriemur
1085 2286 1183 2351 inulti
1194 2283 1221 2366 ς’

251 2388 252 2391 '
352 2403 387 2460 et
403 2393 524 2458 calices
540 2392 648 2475 poscit
666 2392 817 2456 maiores.
862 2391 1004 2455 Vertere
1025 2390 1130 2474 pallor

249 2486 251 2491 ¹
353 2508 425 2563 tum
441 2495 576 2577 parochi
592 2492 723 2569 faciem,
740 2494 787 2557 nil
802 2493 852 2556 sic
869 2492 1051 2557 metuentis
1068 2502 1105 2554 ut
1119 2491 1206 2556 acris

353 2607 497 2682 potores,
514 2596 567 2660 vel
584 2596 672 2679 quod
688 2595 904 2660 maledicunt
920 2594 1057 2659 liberius
1072 2593 1126 2656 vel

353 2821 461 2872 couches
478 2836 543 2871 vere
562 2827 588 2870 at
604 2837 629 2881 o,
646 2820 668 2880 b,
685 2838 706 2880 c,
723 2820 765 2870 the
782 2819 855 2871 other
905 2827 949 2871 out
959 2819 1034 2870 wben
1045 2819 1078 2869 be
1092 2817 1149 2897 (the
1161 2818 1233 2883 host)
1246 2818 1349 2869 handed
1364 2833 1404 2868 me

352 2887 437 2953 places
442 2886 537 2950 having
542 2886 601 2950 only
607 2885 767 2936 cushiona-
773 2886 853 2936 Thu·
904 2885 1048 2950 something
1058 2883 1149 2945 which,
1160 2884 1182 2937 it
1190 2893 1236 2935 not
1247 2882 1403 2944 intormed,1

353 2953 442 3013 riuus,
456 2953 488 3018 os
503 2951 671 3012 renutans
688 2967 717 3001 so
733 2950 855 3017 probably
905 2965 980 3001 never
988 2951 1081 3002 should
1091 2949 1222 3001 bavereeo
1258 2949 1405 3001 ieedasthe

353 3025 398 3068 not
409 3016 490 3067 either
501 3016 531 3066 oi
540 3016 682 3067 thoseinl.
698 3028 736 3066 10.
748 3015 788 3080 83.
905 3016 1219 3077 babesmentioned‚never
1258 3016 1404 3082 vingtasted

386 3095 425 3133 aa.
443 3083 556 3143 Varius,
572 3081 603 3143 ci.
616 3082 637 3132 1.
652 3094 689 3132 10.
701 3083 855 3146 44.-Ser·
905 3082 949 3133 the
959 3082 1011 3133 lilse
1023 3082 1116 3134 More

355 3150 433 3210 viiio,
446 3148 598 3201 Vibidius:
616 3147 757 3197 unknown.
934 3161 973 3213 31.
985 3149 1126 3200 melimela
1134 3149 1242 3208 rubere,
1248 3147 1406 3207 cummis

386 3227 426 3263 aa.
442 3215 574 3264 umbras:
599 3213 728 3263 uninvited
751 3228 855 3278 persons
905 3215 1049 3279 brigvitred
1056 3214 1140 3278 apples
1150 3229 1217 3263 were
1223 3214 1321 3278 picked,
1333 3220 1381 3275 etc,

352 3280 461 3342 brought
478 3294 506 3327 ss
523 3278 643 3342 parasitea
659 3278 691 3341 by
708 3278 751 3327 the
767 3279 855 3328 distin·
939 3292 978 3342 3²
998 3280 1067 3343 quid
1089 3280 1158 3329 hoe:
1188 3278 1310 3343 probably
1332 3277 1406 3341 origi·

352 3343 459 3407 guished
471 3352 549 3406 guest
584 3343 623 3392 Cl.
637 3345 685 3407 Ep.
698 3343 718 3391 1.
735 3355 758 3409 ς.
771 3342 810 3393 28.
906 3344 972 3407 naily
983 3345 1054 3408 quid
1066 3360 1116 3393 was
1133 3344 1176 3393 tbe
1192 3343 1288 3407 subject
1305 3344 1332 3393 in
1346 3343 1406 3393 such

387 3421 426 3470 23.
445 3409 647 3459 Nomentanus
667 3423 718 3457 was
737 3408 779 3470 (as
801 3408 855 3457 also
905 3424 982 3467 cases,
999 3409 1044 3457 but
1067 3409 1244 3471 idiomaticaily
1264 3410 1320 3458 hoe
1342 3416 1407 3457 must

352 3472 469 3531 Porcius)
494 3488 509 3520 a
534 3474 642 3537 parasite
665 3472 695 3521 oi
721 3473 764 3522 the
788 3472 854 3522 bost.
905 3473 1106 3536 beregardedas
1118 3474 1161 3523 tbe
1171 3473 1267 3535 subject
1279 3473 1347 3532 here,
1356 3473 1405 3533 aud

354 3537 423 3586 Here
435 3536 467 3585 he
480 3537 550 3586 takes
559 3538 602 3586 the
614 3537 684 3586 chief
692 3538 763 3601 plac'e
775 3538 855 3602 partly
905 3539 974 3602 quid
994 3553 1021 3587 as
1040 3553 1056 3587 a
1075 3539 1138 3588 kind
1157 3537 1186 3587 oi
1205 3538 1347 3587 accusative
1364 3538 1403 3587 ad·

352 3602 459 3650 because
472 3602 502 3650 oi
516 3602 559 3650 the
576 3600 678 3650 dulness
695 3602 725 3650 oi
739 3601 781 3651 the
798 3602 856 3651 host
905 3603 973 3651 verb.

352 3665 455 3715 himself
469 3666 519 3715 and
538 3666 618 3730 partly
630 3673 657 3715 to
672 3668 744 3732 point
756 3675 800 3716 out
814 3658 856 3716 tbe
940 3680 979 3730 ³4·
998 3668 1146 3727 damnose,
1168 3675 1191 3717 to
1208 3668 1256 3716 'his
1277 3667 1354 3727 rain,
1375 3667 1409 3730 by·

352 3729 441 3779 choice
459 3731 544 3794 things
562 3730 592 3781 oi
613 3732 656 3780 the
675 3732 737 3780 least
755 3733 781 3781 in
799 3747 857 3781 case
907 3732 971 3781 their
988 3733 1117 3797 potations
1133 3732 1163 3781 oi
1181 3732 1221 3780 bia
1237 3732 1317 3795 costly
1334 3732 1407 3781 wine.

352 3794 475 3858 anything
486 3795 576 3845 should
590 3811 647 3845 esca
691 3798 782 3868 notice.
905 3797 1107 3857 -mo'riesnun
1119 3805 1181 3847 etc:
1200 3799 1239 3847 sie,
1256 3797 1335 3874 being
1348 3812 1408 3846 nau·

386 3872 426 3973 N.
443 3860 611 3974 :igoeiecl
622 3861 701 3991 slpegll
709 3861 749 3975 N
757 3926 808 3976 this
819 3927 856 3976 ln·
906 3863 991 3991 xusset}
1002 3860 1408 3991 bbntrllierouuNyffitveelblivg'eussg'z

352 3988 487 4039 formation
505 3991 589 4053 given,
601 3991 640 4040 lor
654 3992 697 4040 the
713 4000 763 4041 rest
775 3992 805 4041 ol
819 4007 856 4051 us,
907 3992 1055 4042 themselves
1068 3994 1094 4043 in
1107 3993 1149 4042 the
1160 4008 1264 4042 manner
1273 3993 1408 4043 indicated.

352 4055 651 4171 tttptitttttllt
665 4057 860 4172 „latuit
906 4058 1128 4188 „amitii
1217 4058 1349 4123 ””””
1370 4056 1408 4122 ”

353 4184 396 4234 the
407 4193 445 4235 art
458 4186 519 4235 used
531 4186 558 4236 iu
570 4186 634 4237 their
646 4159 814 4253 preparation.
941 4202 980 4254 37.
1009 4182 1201 4241 maledicunt:
1232 4191 1272 4239 ie.
1297 4191 1409 4255 produce

386 4263 426 4315 ao.
444 4260 484 4313 ut,
496 4254 617 4303 etesia.
630 4253 758 4315 aslsoon
776 4253 856 4306 found
907 4253 1068 4321 free-spoken
1080 4254 1195 4319 chaffing.
1228 4255 1266 4306 ct.
1280 4253 1389 4319 1489.
